,AdapterTime,BidPx,AskPx
0,2019-03-15 13:30:00.076719,1.13135,1.13141
1,2019-03-15 13:30:00.087067,1.13134,1.1314
2,2019-03-15 13:30:00.128226,1.13133,1.13139
3,2019-03-15 13:30:00.210257,1.13135,1.13141
4,2019-03-15 13:30:00.215792,1.13133,1.13139
5,2019-03-15 13:30:00.444662,1.13135,1.13141
6,2019-03-15 13:30:00.674970,1.13135,1.13139
7,2019-03-15 13:30:01.014685,1.13136,1.1314
8,2019-03-15 13:30:01.299864,1.13138,1.13142
9,2019-03-15 13:30:01.309399,1.13138,1.13142
10,2019-03-15 13:30:02.015310,1.13138,1.13142
11,2019-03-15 13:30:02.659113,1.13136,1.13142
12,2019-03-15 13:30:04.782876,1.13137,1.13143
13,2019-03-15 13:30:05.891604,1.13136,1.13142
14,2019-03-15 13:30:06.007341,1.13136,1.13142
15,2019-03-15 13:30:07.200195,1.13137,1.13143
16,2019-03-15 13:30:07.218968,1.13134,1.13142
17,2019-03-15 13:30:07.231375,1.13134,1.13142
18,2019-03-15 13:30:07.282965,1.13134,1.13141
19,2019-03-15 13:30:07.372045,1.13134,1.1314
20,2019-03-15 13:30:07.448188,1.13132,1.1314
21,2019-03-15 13:30:07.463138,1.13132,1.13139
22,2019-03-15 13:30:07.553908,1.13132,1.13138
23,2019-03-15 13:30:07.665272,1.13134,1.1314
24,2019-03-15 13:30:07.771571,1.13134,1.1314
25,2019-03-15 13:30:07.781939,1.13138,1.13144
26,2019-03-15 13:30:08.657769,1.13137,1.13141
27,2019-03-15 13:30:09.420930,1.13139,1.13143
28,2019-03-15 13:30:09.532751,1.13141,1.13145
29,2019-03-15 13:30:09.661185,1.13139,1.13145
30,2019-03-15 13:30:10.673932,1.13141,1.13147
31,2019-03-15 13:30:10.795900,1.13143,1.13149
32,2019-03-15 13:30:10.805326,1.13141,1.13147
33,2019-03-15 13:30:10.958840,1.13143,1.13149
34,2019-03-15 13:30:11.282816,1.13145,1.13151
35,2019-03-15 13:30:12.012334,1.13145,1.13151
36,2019-03-15 13:30:12.028549,1.13147,1.13153
37,2019-03-15 13:30:12.038714,1.13149,1.13155
38,2019-03-15 13:30:12.044404,1.13149,1.13155
39,2019-03-15 13:30:12.093932,1.13147,1.13153
40,2019-03-15 13:30:12.223166,1.13145,1.13151
41,2019-03-15 13:30:12.306651,1.13145,1.13151
42,2019-03-15 13:30:13.618906,1.13145,1.13151
43,2019-03-15 13:30:13.662943,1.13145,1.13153
44,2019-03-15 13:30:14.773294,1.13144,1.13152
45,2019-03-15 13:30:16.120020,1.13144,1.13152
46,2019-03-15 13:30:16.852193,1.13146,1.13152
47,2019-03-15 13:30:17.006697,1.13142,1.13149
48,2019-03-15 13:30:17.559680,1.13142,1.13148
49,2019-03-15 13:30:17.657016,1.1314,1.13148
50,2019-03-15 13:30:18.496555,1.13142,1.1315
51,2019-03-15 13:30:18.884376,1.1314,1.13148
52,2019-03-15 13:30:19.011945,1.1314,1.13149
53,2019-03-15 13:30:19.177281,1.1314,1.13148
54,2019-03-15 13:30:20.175521,1.1314,1.13148
55,2019-03-15 13:30:20.282136,1.13145,1.13153
56,2019-03-15 13:30:21.007952,1.13144,1.13152
57,2019-03-15 13:30:22.209390,1.13145,1.13151
58,2019-03-15 13:30:22.306107,1.13146,1.13152
59,2019-03-15 13:30:24.796549,1.13147,1.13153
60,2019-03-15 13:30:24.812696,1.13146,1.13152
61,2019-03-15 13:30:25.185446,1.13149,1.13155
62,2019-03-15 13:30:25.201933,1.1315,1.13156
63,2019-03-15 13:30:25.210449,1.13149,1.13155
64,2019-03-15 13:30:25.238614,1.13147,1.13153
65,2019-03-15 13:30:25.274546,1.13149,1.13155
66,2019-03-15 13:30:25.329198,1.13147,1.13153
67,2019-03-15 13:30:25.543229,1.13149,1.13155
68,2019-03-15 13:30:25.654015,1.13149,1.13157
69,2019-03-15 13:30:25.743045,1.13151,1.13159
70,2019-03-15 13:30:25.853124,1.13152,1.1316
71,2019-03-15 13:30:25.862292,1.13152,1.1316
72,2019-03-15 13:30:25.920986,1.1315,1.13158
73,2019-03-15 13:30:26.263357,1.13153,1.13161
74,2019-03-15 13:30:27.008933,1.13154,1.13162
75,2019-03-15 13:30:27.519321,1.13156,1.13164
76,2019-03-15 13:30:27.529702,1.13157,1.13165
77,2019-03-15 13:30:27.538594,1.13159,1.13167
78,2019-03-15 13:30:28.649493,1.1316,1.13168
79,2019-03-15 13:30:29.028605,1.1316,1.13168
80,2019-03-15 13:30:30.010077,1.13159,1.13167
81,2019-03-15 13:30:30.692309,1.13161,1.13169
82,2019-03-15 13:30:30.700637,1.13163,1.13171
83,2019-03-15 13:30:30.710545,1.13161,1.13169
84,2019-03-15 13:30:30.980307,1.13162,1.1317
85,2019-03-15 13:30:30.988339,1.1316,1.13168
86,2019-03-15 13:30:31.108302,1.13158,1.13166
87,2019-03-15 13:30:32.502301,1.13159,1.13167
88,2019-03-15 13:30:32.521045,1.1316,1.13168
89,2019-03-15 13:30:33.481283,1.13161,1.13169
90,2019-03-15 13:30:34.007467,1.13161,1.13169
91,2019-03-15 13:30:35.039270,1.13163,1.13171
92,2019-03-15 13:30:35.124663,1.13164,1.13172
93,2019-03-15 13:30:36.151597,1.13162,1.1317
94,2019-03-15 13:30:37.008644,1.13163,1.13171
95,2019-03-15 13:30:38.173688,1.13164,1.13172
96,2019-03-15 13:30:39.287676,1.13165,1.13173
97,2019-03-15 13:30:40.206668,1.13164,1.13172
98,2019-03-15 13:30:41.294842,1.13165,1.13173
99,2019-03-15 13:30:42.067171,1.13164,1.13172
100,2019-03-15 13:30:42.712780,1.13162,1.1317
101,2019-03-15 13:30:42.743423,1.13163,1.13171
102,2019-03-15 13:30:42.753026,1.13161,1.13169
103,2019-03-15 13:30:43.658708,1.13161,1.13167
104,2019-03-15 13:30:45.020107,1.13162,1.13168
105,2019-03-15 13:30:45.887028,1.13163,1.13169
106,2019-03-15 13:30:46.682549,1.13165,1.13169
107,2019-03-15 13:30:46.879140,1.13167,1.13171
108,2019-03-15 13:30:46.935936,1.13165,1.13169
109,2019-03-15 13:30:47.394075,1.13163,1.13167
110,2019-03-15 13:30:48.794632,1.13164,1.13168
111,2019-03-15 13:30:49.797642,1.13162,1.13166
112,2019-03-15 13:30:50.015037,1.13163,1.13167
113,2019-03-15 13:30:51.012035,1.13162,1.13166
114,2019-03-15 13:30:51.702846,1.13163,1.13167
115,2019-03-15 13:30:52.715088,1.13161,1.13167
116,2019-03-15 13:30:53.874558,1.13158,1.13164
117,2019-03-15 13:30:53.892573,1.13159,1.13165
118,2019-03-15 13:30:53.908671,1.13157,1.13163
119,2019-03-15 13:30:53.916239,1.13159,1.13165
120,2019-03-15 13:30:54.006679,1.1316,1.13166
121,2019-03-15 13:30:54.054250,1.13161,1.13167
122,2019-03-15 13:30:54.106440,1.1316,1.13166
123,2019-03-15 13:30:54.710642,1.13162,1.13166
124,2019-03-15 13:30:55.036625,1.13163,1.13167
125,2019-03-15 13:30:56.407194,1.13162,1.13166
126,2019-03-15 13:30:57.008153,1.13161,1.13167
127,2019-03-15 13:30:58.008800,1.13161,1.13167
128,2019-03-15 13:31:01.074302,1.13161,1.13167
129,2019-03-15 13:31:02.277726,1.13162,1.13166
130,2019-03-15 13:31:02.912411,1.13162,1.13166
131,2019-03-15 13:31:03.444787,1.13162,1.13166
132,2019-03-15 13:31:04.552189,1.13161,1.13167
133,2019-03-15 13:31:04.772142,1.1316,1.13166
134,2019-03-15 13:31:04.824179,1.13161,1.13167
135,2019-03-15 13:31:04.937551,1.13163,1.13169
136,2019-03-15 13:31:05.009349,1.13164,1.1317
137,2019-03-15 13:31:05.068613,1.13166,1.13172
138,2019-03-15 13:31:05.797078,1.13164,1.1317
139,2019-03-15 13:31:05.858138,1.13166,1.13172
140,2019-03-15 13:31:06.032183,1.13163,1.13169
141,2019-03-15 13:31:06.205605,1.13162,1.13168
142,2019-03-15 13:31:06.304800,1.13161,1.13167
143,2019-03-15 13:31:06.416307,1.13161,1.13167
144,2019-03-15 13:31:07.010006,1.1316,1.13166
145,2019-03-15 13:31:07.655910,1.13162,1.13166
146,2019-03-15 13:31:10.005584,1.13161,1.13167
147,2019-03-15 13:31:11.862951,1.13161,1.13167
148,2019-03-15 13:31:12.010237,1.13161,1.13167
149,2019-03-15 13:31:12.954336,1.1316,1.13168
150,2019-03-15 13:31:14.008085,1.13161,1.13167
151,2019-03-15 13:31:14.703125,1.1316,1.13166
152,2019-03-15 13:31:14.718209,1.1316,1.13166
153,2019-03-15 13:31:15.015799,1.13161,1.13165
154,2019-03-15 13:31:16.947611,1.13162,1.13166
155,2019-03-15 13:31:17.655661,1.1316,1.13166
156,2019-03-15 13:31:21.012699,1.1316,1.13166
157,2019-03-15 13:31:22.480466,1.1316,1.13166
158,2019-03-15 13:31:23.682360,1.1316,1.13166
159,2019-03-15 13:31:24.015591,1.1316,1.13166
160,2019-03-15 13:31:26.010474,1.13161,1.13167
161,2019-03-15 13:31:28.066885,1.13161,1.13167
162,2019-03-15 13:31:28.076551,1.13161,1.13167
163,2019-03-15 13:31:30.028267,1.13161,1.13167
164,2019-03-15 13:31:30.923577,1.13162,1.13166
165,2019-03-15 13:31:33.395624,1.13164,1.13169
166,2019-03-15 13:31:33.414976,1.13165,1.13169
167,2019-03-15 13:31:33.478803,1.13167,1.13171
168,2019-03-15 13:31:33.511746,1.13169,1.13173
169,2019-03-15 13:31:33.526397,1.13167,1.13171
170,2019-03-15 13:31:33.535284,1.13169,1.13173
171,2019-03-15 13:31:33.684433,1.13167,1.13173
172,2019-03-15 13:31:34.008370,1.13167,1.13173
173,2019-03-15 13:31:34.055486,1.13167,1.13173
174,2019-03-15 13:31:34.118674,1.13167,1.13173
175,2019-03-15 13:31:34.203792,1.13166,1.13172
176,2019-03-15 13:31:35.011239,1.13167,1.13173
177,2019-03-15 13:31:35.310996,1.13166,1.13172
178,2019-03-15 13:31:37.271095,1.13168,1.13174
179,2019-03-15 13:31:37.283093,1.1317,1.13176
180,2019-03-15 13:31:38.006481,1.1317,1.13176
181,2019-03-15 13:31:39.360324,1.13167,1.13173
182,2019-03-15 13:31:39.660942,1.13165,1.13173
183,2019-03-15 13:31:40.919233,1.13166,1.13172
184,2019-03-15 13:31:42.123914,1.13167,1.13171
185,2019-03-15 13:31:43.252573,1.13168,1.13172
186,2019-03-15 13:31:43.491987,1.1317,1.13174
187,2019-03-15 13:31:43.665836,1.13168,1.13176
188,2019-03-15 13:31:43.881095,1.13169,1.13177
189,2019-03-15 13:31:44.007081,1.1317,1.13178
190,2019-03-15 13:31:44.612666,1.13169,1.13177
191,2019-03-15 13:31:45.204792,1.1317,1.13178
192,2019-03-15 13:31:45.744716,1.13173,1.13181
193,2019-03-15 13:31:45.822564,1.13171,1.13179
194,2019-03-15 13:31:45.839348,1.13173,1.13181
195,2019-03-15 13:31:45.889506,1.13171,1.13179
196,2019-03-15 13:31:46.304855,1.13173,1.13181
197,2019-03-15 13:31:46.419045,1.13171,1.13179
198,2019-03-15 13:31:47.905088,1.13172,1.1318
199,2019-03-15 13:31:48.822128,1.1317,1.13178
200,2019-03-15 13:31:51.008393,1.13169,1.13177
201,2019-03-15 13:31:51.664644,1.13171,1.13177
202,2019-03-15 13:31:51.770097,1.13172,1.13178
203,2019-03-15 13:31:51.817273,1.13172,1.13178
204,2019-03-15 13:31:51.823458,1.13171,1.13177
205,2019-03-15 13:31:52.007574,1.13171,1.13177
206,2019-03-15 13:31:53.008454,1.1317,1.13178
207,2019-03-15 13:31:53.680841,1.1317,1.13176
208,2019-03-15 13:31:54.080221,1.13168,1.13174
209,2019-03-15 13:31:54.099536,1.13166,1.13172
210,2019-03-15 13:31:54.849318,1.13168,1.13172
211,2019-03-15 13:31:55.983377,1.13168,1.13172
212,2019-03-15 13:31:57.008482,1.13168,1.13172
213,2019-03-15 13:31:57.772807,1.13168,1.13172
214,2019-03-15 13:31:57.865545,1.13171,1.13175
215,2019-03-15 13:31:57.943236,1.13169,1.13173
216,2019-03-15 13:31:57.958205,1.13171,1.13175
217,2019-03-15 13:31:58.007529,1.13171,1.13175
218,2019-03-15 13:31:58.294912,1.13169,1.13173
219,2019-03-15 13:31:59.000490,1.13168,1.13172
220,2019-03-15 13:32:01.141172,1.13169,1.13173
221,2019-03-15 13:32:01.389385,1.13171,1.13175
222,2019-03-15 13:32:01.439384,1.13169,1.13173
223,2019-03-15 13:32:01.584132,1.13171,1.13175
224,2019-03-15 13:32:02.006783,1.1317,1.13176
225,2019-03-15 13:32:03.009983,1.1317,1.13176
226,2019-03-15 13:32:03.303399,1.13171,1.13177
227,2019-03-15 13:32:03.673027,1.13169,1.13177
228,2019-03-15 13:32:04.013345,1.1317,1.13178
229,2019-03-15 13:32:04.742508,1.13171,1.13179
230,2019-03-15 13:32:04.752055,1.1317,1.13178
231,2019-03-15 13:32:04.854382,1.13172,1.1318
232,2019-03-15 13:32:04.910338,1.1317,1.13178
233,2019-03-15 13:32:05.011740,1.1317,1.13178
234,2019-03-15 13:32:05.805081,1.1317,1.13178
235,2019-03-15 13:32:07.236866,1.13172,1.1318
236,2019-03-15 13:32:07.246033,1.13174,1.13182
237,2019-03-15 13:32:07.379259,1.13171,1.13179
238,2019-03-15 13:32:08.065081,1.13173,1.13181
239,2019-03-15 13:32:08.119776,1.13171,1.13179
240,2019-03-15 13:32:08.179382,1.13173,1.13181
241,2019-03-15 13:32:09.010536,1.13174,1.13182
242,2019-03-15 13:32:09.128910,1.13172,1.1318
243,2019-03-15 13:32:09.305935,1.13173,1.13181
244,2019-03-15 13:32:09.403119,1.13174,1.13182
245,2019-03-15 13:32:12.070111,1.13174,1.13182
246,2019-03-15 13:32:13.192880,1.13174,1.13182
247,2019-03-15 13:32:14.004774,1.13173,1.13181
248,2019-03-15 13:32:18.716824,1.13175,1.13181
249,2019-03-15 13:32:20.013207,1.13174,1.1318
250,2019-03-15 13:32:21.005648,1.13174,1.1318
251,2019-03-15 13:32:21.392340,1.13175,1.13181
252,2019-03-15 13:32:22.008955,1.13175,1.13181
253,2019-03-15 13:32:22.185361,1.13175,1.13181
254,2019-03-15 13:32:22.324282,1.13174,1.1318
255,2019-03-15 13:32:29.234587,1.13174,1.1318
256,2019-03-15 13:32:29.404378,1.1317,1.13176
257,2019-03-15 13:32:29.424846,1.13172,1.13178
258,2019-03-15 13:32:29.434329,1.13171,1.13177
259,2019-03-15 13:32:30.021719,1.13172,1.13176
260,2019-03-15 13:32:30.961705,1.13174,1.13178
261,2019-03-15 13:32:31.103540,1.13173,1.13177
262,2019-03-15 13:32:31.664860,1.1317,1.13176
263,2019-03-15 13:32:32.019091,1.13171,1.13177
264,2019-03-15 13:32:34.050215,1.13173,1.13177
265,2019-03-15 13:32:34.507752,1.13172,1.13176
266,2019-03-15 13:32:35.011473,1.13172,1.13176
267,2019-03-15 13:32:35.506044,1.13169,1.13173
268,2019-03-15 13:32:35.518947,1.13171,1.13175
269,2019-03-15 13:32:35.527092,1.13169,1.13173
270,2019-03-15 13:32:35.539450,1.13171,1.13175
271,2019-03-15 13:32:35.658002,1.13169,1.13175
272,2019-03-15 13:32:35.757737,1.1317,1.13176
273,2019-03-15 13:32:35.785290,1.13168,1.13174
274,2019-03-15 13:32:35.868230,1.1317,1.13176
275,2019-03-15 13:32:36.062199,1.13171,1.13177
276,2019-03-15 13:32:36.175503,1.13169,1.13175
277,2019-03-15 13:32:37.562659,1.1317,1.13176
278,2019-03-15 13:32:37.824314,1.1317,1.13175
279,2019-03-15 13:32:38.727655,1.1317,1.13173
280,2019-03-15 13:32:41.086257,1.13171,1.13174
281,2019-03-15 13:32:42.329665,1.1317,1.13173
282,2019-03-15 13:32:42.633291,1.13172,1.13175
283,2019-03-15 13:32:42.644304,1.13174,1.13177
284,2019-03-15 13:32:42.654587,1.13172,1.13177
285,2019-03-15 13:32:42.665447,1.13173,1.13178
286,2019-03-15 13:32:42.728844,1.13173,1.13181
287,2019-03-15 13:32:42.739305,1.13173,1.13179
288,2019-03-15 13:32:42.751627,1.13173,1.13182
289,2019-03-15 13:32:42.768688,1.13175,1.13182
290,2019-03-15 13:32:42.773395,1.13176,1.13182
291,2019-03-15 13:32:42.781397,1.13176,1.13181
292,2019-03-15 13:32:42.790972,1.13174,1.13181
293,2019-03-15 13:32:42.818777,1.13174,1.1318
294,2019-03-15 13:32:42.829255,1.13174,1.13181
295,2019-03-15 13:32:42.838453,1.13174,1.13182
296,2019-03-15 13:32:42.848476,1.13174,1.13181
297,2019-03-15 13:32:42.870318,1.13174,1.1318
298,2019-03-15 13:32:42.878205,1.13174,1.13181
299,2019-03-15 13:32:42.888802,1.13174,1.13179
300,2019-03-15 13:32:43.457420,1.13174,1.13179
301,2019-03-15 13:32:43.656988,1.13173,1.13178
302,2019-03-15 13:32:46.070162,1.13172,1.13178
303,2019-03-15 13:32:46.850986,1.1317,1.13176
304,2019-03-15 13:32:46.860038,1.13164,1.13175
305,2019-03-15 13:32:46.894319,1.13164,1.13174
306,2019-03-15 13:32:46.904078,1.13162,1.13174
307,2019-03-15 13:32:47.485894,1.13162,1.13173
308,2019-03-15 13:32:47.586404,1.13162,1.13172
309,2019-03-15 13:32:47.627779,1.13165,1.13174
310,2019-03-15 13:32:47.656899,1.13168,1.13173
311,2019-03-15 13:32:47.699682,1.13169,1.13175
312,2019-03-15 13:32:47.905612,1.13171,1.13175
313,2019-03-15 13:32:49.008448,1.13172,1.13176
314,2019-03-15 13:32:50.240075,1.13174,1.13178
315,2019-03-15 13:32:50.538930,1.13172,1.13176
316,2019-03-15 13:32:50.805237,1.13173,1.13177
317,2019-03-15 13:32:51.605732,1.13172,1.13176
318,2019-03-15 13:32:51.683352,1.13172,1.13178
319,2019-03-15 13:32:53.006751,1.13171,1.13179
320,2019-03-15 13:32:53.419785,1.13172,1.1318
321,2019-03-15 13:32:53.629390,1.13172,1.1318
322,2019-03-15 13:32:53.656544,1.13172,1.13176
323,2019-03-15 13:32:53.701220,1.13169,1.13173
324,2019-03-15 13:32:55.447838,1.13168,1.13172
325,2019-03-15 13:32:55.656795,1.13169,1.13175
326,2019-03-15 13:32:56.803541,1.13169,1.13175
327,2019-03-15 13:32:57.011477,1.13169,1.13175
328,2019-03-15 13:32:57.680880,1.13169,1.13173
329,2019-03-15 13:33:00.631258,1.13169,1.13176
330,2019-03-15 13:33:00.641454,1.13169,1.13173
331,2019-03-15 13:33:01.014219,1.13168,1.13173
332,2019-03-15 13:33:01.804219,1.13169,1.13173
333,2019-03-15 13:33:02.086496,1.13167,1.13172
334,2019-03-15 13:33:02.097061,1.13163,1.1317
335,2019-03-15 13:33:02.107133,1.13162,1.1317
336,2019-03-15 13:33:02.118366,1.13163,1.13171
337,2019-03-15 13:33:02.132750,1.13163,1.1317
338,2019-03-15 13:33:02.142769,1.13163,1.13169
339,2019-03-15 13:33:02.290971,1.13166,1.13172
340,2019-03-15 13:33:02.319686,1.13169,1.13175
341,2019-03-15 13:33:02.362611,1.1317,1.13176
342,2019-03-15 13:33:03.107070,1.13172,1.13176
343,2019-03-15 13:33:04.896052,1.13174,1.13178
344,2019-03-15 13:33:04.904204,1.13172,1.13176
345,2019-03-15 13:33:04.914108,1.13174,1.13178
346,2019-03-15 13:33:10.561729,1.13173,1.13179
347,2019-03-15 13:33:10.574342,1.13175,1.13181
348,2019-03-15 13:33:10.629102,1.13173,1.13179
349,2019-03-15 13:33:10.865978,1.13176,1.1318
350,2019-03-15 13:33:11.224870,1.13174,1.13178
351,2019-03-15 13:33:11.400001,1.13176,1.1318
352,2019-03-15 13:33:11.729914,1.13173,1.13179
353,2019-03-15 13:33:13.146566,1.13174,1.13178
354,2019-03-15 13:33:15.011112,1.13173,1.13179
355,2019-03-15 13:33:16.009388,1.13174,1.13178
356,2019-03-15 13:33:20.352108,1.13173,1.13179
357,2019-03-15 13:33:21.487938,1.13174,1.13178
358,2019-03-15 13:33:21.835090,1.13176,1.1318
359,2019-03-15 13:33:22.015546,1.13177,1.13181
360,2019-03-15 13:33:22.088857,1.13178,1.13182
361,2019-03-15 13:33:22.138019,1.13176,1.1318
362,2019-03-15 13:33:22.755376,1.13176,1.13182
363,2019-03-15 13:33:23.008066,1.13175,1.13181
364,2019-03-15 13:33:23.506558,1.13176,1.13182
365,2019-03-15 13:33:24.652021,1.13176,1.13182
366,2019-03-15 13:33:25.789487,1.13177,1.13181
367,2019-03-15 13:33:26.370275,1.13178,1.13182
368,2019-03-15 13:33:27.198579,1.13176,1.1318
369,2019-03-15 13:33:27.632537,1.13176,1.1318
370,2019-03-15 13:33:27.704153,1.13175,1.13181
371,2019-03-15 13:33:28.824438,1.13174,1.1318
372,2019-03-15 13:33:30.310119,1.13172,1.13178
373,2019-03-15 13:33:30.377847,1.1317,1.13176
374,2019-03-15 13:33:30.660772,1.13172,1.13176
375,2019-03-15 13:33:32.054446,1.13174,1.13178
376,2019-03-15 13:33:33.208327,1.13173,1.13177
377,2019-03-15 13:33:34.320096,1.13174,1.13178
378,2019-03-15 13:33:34.908580,1.13172,1.13176
379,2019-03-15 13:33:34.968395,1.13174,1.13178
380,2019-03-15 13:33:36.008459,1.13173,1.13177
381,2019-03-15 13:33:37.013071,1.13173,1.13177
382,2019-03-15 13:33:38.994402,1.13173,1.13177
383,2019-03-15 13:33:39.070716,1.13173,1.13177
384,2019-03-15 13:33:40.549703,1.13171,1.13175
385,2019-03-15 13:33:43.174607,1.13172,1.13176
386,2019-03-15 13:33:43.365634,1.13174,1.13178
387,2019-03-15 13:33:44.014405,1.13174,1.13178
388,2019-03-15 13:33:44.988063,1.13172,1.13176
389,2019-03-15 13:33:46.117152,1.13172,1.13176
390,2019-03-15 13:33:46.715264,1.13173,1.13179
391,2019-03-15 13:33:46.897625,1.13174,1.1318
392,2019-03-15 13:33:47.932600,1.13173,1.13179
393,2019-03-15 13:33:48.015774,1.13171,1.13176
394,2019-03-15 13:33:55.890102,1.13168,1.13174
395,2019-03-15 13:33:55.899300,1.13167,1.13173
396,2019-03-15 13:33:56.278752,1.13165,1.13171
397,2019-03-15 13:33:57.014986,1.13166,1.13174
398,2019-03-15 13:33:57.443557,1.13166,1.13174
399,2019-03-15 13:33:58.007684,1.13167,1.13175
400,2019-03-15 13:33:59.725215,1.13167,1.13173
401,2019-03-15 13:34:00.318468,1.13169,1.13175
402,2019-03-15 13:34:00.330105,1.1317,1.13176
403,2019-03-15 13:34:00.338116,1.13168,1.13174
404,2019-03-15 13:34:00.654634,1.13168,1.13176
405,2019-03-15 13:34:01.794507,1.13167,1.13175
406,2019-03-15 13:34:02.425648,1.13169,1.13177
407,2019-03-15 13:34:02.436363,1.13171,1.13179
408,2019-03-15 13:34:02.452636,1.13171,1.13179
409,2019-03-15 13:34:02.461128,1.13171,1.13179
410,2019-03-15 13:34:02.484414,1.13169,1.13177
411,2019-03-15 13:34:02.656623,1.13169,1.13175
412,2019-03-15 13:34:04.014369,1.13169,1.13175
413,2019-03-15 13:34:05.265416,1.1317,1.13176
414,2019-03-15 13:34:05.339557,1.1317,1.13176
415,2019-03-15 13:34:06.007737,1.13169,1.13175
416,2019-03-15 13:34:06.772166,1.13168,1.13172
417,2019-03-15 13:34:10.159687,1.1317,1.13174
418,2019-03-15 13:34:11.285300,1.13169,1.13175
419,2019-03-15 13:34:12.014537,1.1317,1.13176
420,2019-03-15 13:34:12.117194,1.13172,1.13178
421,2019-03-15 13:34:12.128091,1.1317,1.13176
422,2019-03-15 13:34:13.271474,1.1317,1.13176
423,2019-03-15 13:34:14.659293,1.13172,1.13176
424,2019-03-15 13:34:14.822213,1.13171,1.13175
425,2019-03-15 13:34:14.900480,1.13172,1.13176
426,2019-03-15 13:34:16.137505,1.13173,1.13177
427,2019-03-15 13:34:16.147088,1.13176,1.1318
428,2019-03-15 13:34:16.670673,1.13174,1.1318
429,2019-03-15 13:34:17.775688,1.13175,1.13181
430,2019-03-15 13:34:18.007729,1.13174,1.1318
431,2019-03-15 13:34:18.603404,1.13175,1.13181
432,2019-03-15 13:34:19.446894,1.13174,1.1318
433,2019-03-15 13:34:20.064579,1.13174,1.13182
434,2019-03-15 13:34:20.192057,1.13172,1.1318
435,2019-03-15 13:34:20.255619,1.1317,1.13178
436,2019-03-15 13:34:20.675344,1.13172,1.13178
437,2019-03-15 13:34:21.080198,1.1317,1.13176
438,2019-03-15 13:34:21.710567,1.13172,1.13176
439,2019-03-15 13:34:22.122928,1.13172,1.13176
440,2019-03-15 13:34:22.251343,1.1317,1.13174
441,2019-03-15 13:34:23.440973,1.1317,1.13174
442,2019-03-15 13:34:23.829789,1.13171,1.13177
443,2019-03-15 13:34:24.761104,1.1317,1.13174
444,2019-03-15 13:34:25.696637,1.13171,1.13177
445,2019-03-15 13:34:26.892041,1.13171,1.13179
446,2019-03-15 13:34:26.901654,1.1317,1.13176
447,2019-03-15 13:34:26.989486,1.13171,1.13178
448,2019-03-15 13:34:26.998999,1.13172,1.13179
449,2019-03-15 13:34:27.008906,1.13171,1.13179
450,2019-03-15 13:34:27.017953,1.13172,1.13178
451,2019-03-15 13:34:27.723958,1.13172,1.13176
452,2019-03-15 13:34:27.747706,1.13173,1.13177
453,2019-03-15 13:34:28.455762,1.13173,1.13177
454,2019-03-15 13:34:29.008833,1.13173,1.13177
455,2019-03-15 13:34:30.020759,1.13174,1.13178
456,2019-03-15 13:34:30.724068,1.13172,1.13178
457,2019-03-15 13:34:32.009782,1.13172,1.13178
458,2019-03-15 13:34:32.279123,1.1317,1.13176
459,2019-03-15 13:34:32.292869,1.13171,1.13177
460,2019-03-15 13:34:32.301724,1.13173,1.13179
461,2019-03-15 13:34:32.308301,1.13171,1.13177
462,2019-03-15 13:34:33.006966,1.13171,1.13177
463,2019-03-15 13:34:33.406507,1.13172,1.13178
464,2019-03-15 13:34:36.115379,1.13171,1.13177
465,2019-03-15 13:34:37.035751,1.13172,1.13178
466,2019-03-15 13:34:38.008383,1.13172,1.13178
467,2019-03-15 13:34:38.594737,1.13174,1.1318
468,2019-03-15 13:34:38.646796,1.13172,1.13178
469,2019-03-15 13:34:38.657690,1.13174,1.13178
470,2019-03-15 13:34:38.696029,1.13177,1.13181
471,2019-03-15 13:34:38.700862,1.13178,1.13182
472,2019-03-15 13:34:38.856897,1.13176,1.1318
473,2019-03-15 13:34:39.505606,1.13177,1.13181
474,2019-03-15 13:34:40.591303,1.13177,1.13181
475,2019-03-15 13:34:41.705596,1.13177,1.13181
476,2019-03-15 13:34:42.865693,1.13177,1.13181
477,2019-03-15 13:34:43.844003,1.13177,1.13181
478,2019-03-15 13:34:46.288389,1.13176,1.1318
479,2019-03-15 13:34:48.744466,1.13173,1.13177
480,2019-03-15 13:34:49.260570,1.13172,1.13176
481,2019-03-15 13:34:49.336165,1.13172,1.13176
482,2019-03-15 13:34:49.860920,1.13173,1.13179
483,2019-03-15 13:34:50.824618,1.13172,1.13176
484,2019-03-15 13:34:51.426678,1.13172,1.13176
485,2019-03-15 13:34:52.735445,1.13173,1.13179
486,2019-03-15 13:34:53.504917,1.13173,1.13179
487,2019-03-15 13:34:53.512312,1.13172,1.13178
488,2019-03-15 13:34:54.214902,1.13174,1.1318
489,2019-03-15 13:34:54.237887,1.13176,1.13182
490,2019-03-15 13:34:54.288800,1.13174,1.1318
491,2019-03-15 13:34:54.329247,1.13176,1.13182
492,2019-03-15 13:34:54.613152,1.13174,1.1318
493,2019-03-15 13:34:54.672758,1.13174,1.13178
494,2019-03-15 13:34:54.681995,1.13176,1.1318
495,2019-03-15 13:34:56.060776,1.13176,1.1318
496,2019-03-15 13:34:57.843177,1.13176,1.1318
497,2019-03-15 13:34:59.724544,1.13174,1.1318
498,2019-03-15 13:35:01.010225,1.13174,1.1318
499,2019-03-15 13:35:03.007835,1.13175,1.13181
500,2019-03-15 13:35:04.863046,1.13175,1.13181
501,2019-03-15 13:35:05.009900,1.13176,1.13182
502,2019-03-15 13:35:06.013670,1.13176,1.13182
503,2019-03-15 13:35:07.110913,1.13176,1.13182
504,2019-03-15 13:35:07.713842,1.13177,1.13181
505,2019-03-15 13:35:10.086703,1.13176,1.1318
506,2019-03-15 13:35:13.576023,1.13177,1.13181
507,2019-03-15 13:35:14.836758,1.13177,1.13181
508,2019-03-15 13:35:16.840864,1.13176,1.1318
509,2019-03-15 13:35:17.977894,1.13177,1.13181
510,2019-03-15 13:35:20.006239,1.13176,1.1318
511,2019-03-15 13:35:22.017494,1.13177,1.13181
512,2019-03-15 13:35:22.917438,1.13176,1.1318
513,2019-03-15 13:35:24.126494,1.13177,1.13181
514,2019-03-15 13:35:25.301539,1.13176,1.1318
515,2019-03-15 13:35:26.018008,1.13177,1.13181
516,2019-03-15 13:35:26.035664,1.13176,1.1318
517,2019-03-15 13:35:32.908719,1.13177,1.13183
518,2019-03-15 13:35:33.316719,1.13179,1.13186
519,2019-03-15 13:35:33.329768,1.13178,1.13184
520,2019-03-15 13:35:33.410068,1.13179,1.13186
521,2019-03-15 13:35:33.419781,1.13178,1.13184
522,2019-03-15 13:35:33.498788,1.1318,1.13186
523,2019-03-15 13:35:33.633780,1.13183,1.13189
524,2019-03-15 13:35:33.657520,1.13182,1.13186
525,2019-03-15 13:35:33.884059,1.13184,1.13188
526,2019-03-15 13:35:33.895254,1.13185,1.1319
527,2019-03-15 13:35:33.914888,1.13183,1.13187
528,2019-03-15 13:35:33.927118,1.13185,1.13189
529,2019-03-15 13:35:33.954709,1.13183,1.13187
530,2019-03-15 13:35:34.033418,1.13185,1.13189
531,2019-03-15 13:35:34.191166,1.13187,1.13191
532,2019-03-15 13:35:34.200113,1.13186,1.1319
533,2019-03-15 13:35:34.254431,1.13184,1.13188
534,2019-03-15 13:35:34.548834,1.13186,1.1319
535,2019-03-15 13:35:34.657119,1.13184,1.13192
536,2019-03-15 13:35:35.762989,1.13186,1.13192
537,2019-03-15 13:35:36.005997,1.13186,1.13192
538,2019-03-15 13:35:36.923546,1.13186,1.13192
539,2019-03-15 13:35:38.044715,1.13185,1.13191
540,2019-03-15 13:35:39.893591,1.13187,1.13193
541,2019-03-15 13:35:39.905036,1.13187,1.13193
542,2019-03-15 13:35:39.914230,1.1319,1.13196
543,2019-03-15 13:35:39.924418,1.1319,1.13196
544,2019-03-15 13:35:41.139963,1.13189,1.13197
545,2019-03-15 13:35:41.804319,1.13189,1.13197
546,2019-03-15 13:35:42.274296,1.13191,1.13199
547,2019-03-15 13:35:42.285895,1.13193,1.13201
548,2019-03-15 13:35:42.299992,1.13191,1.13199
549,2019-03-15 13:35:42.555034,1.13197,1.13205
550,2019-03-15 13:35:42.564386,1.13194,1.13202
551,2019-03-15 13:35:42.644999,1.13196,1.13204
552,2019-03-15 13:35:42.682972,1.13194,1.13202
553,2019-03-15 13:35:42.805043,1.13194,1.13202
554,2019-03-15 13:35:44.357400,1.13195,1.13203
555,2019-03-15 13:35:44.549245,1.13197,1.13205
556,2019-03-15 13:35:44.558472,1.13199,1.13207
557,2019-03-15 13:35:44.606143,1.132,1.13208
558,2019-03-15 13:35:45.025024,1.13199,1.13207
559,2019-03-15 13:35:45.870449,1.13199,1.13207
560,2019-03-15 13:35:46.895310,1.13201,1.13209
561,2019-03-15 13:35:46.902846,1.13201,1.13209
562,2019-03-15 13:35:46.913560,1.13204,1.13212
563,2019-03-15 13:35:46.939398,1.13204,1.13212
564,2019-03-15 13:35:46.948696,1.13205,1.13213
565,2019-03-15 13:35:47.282253,1.13208,1.13216
566,2019-03-15 13:35:47.291983,1.13207,1.13215
567,2019-03-15 13:35:47.301157,1.13206,1.13214
568,2019-03-15 13:35:47.376677,1.13206,1.13214
569,2019-03-15 13:35:47.509691,1.13208,1.13216
570,2019-03-15 13:35:47.709134,1.13206,1.13214
571,2019-03-15 13:35:48.007098,1.13206,1.13214
572,2019-03-15 13:35:48.384238,1.13208,1.13216
573,2019-03-15 13:35:48.518426,1.1321,1.13218
574,2019-03-15 13:35:48.596950,1.13209,1.13217
575,2019-03-15 13:35:49.014212,1.13208,1.13216
576,2019-03-15 13:35:49.212665,1.13208,1.13216
577,2019-03-15 13:35:49.355044,1.13208,1.13216
578,2019-03-15 13:35:49.968874,1.13205,1.13213
579,2019-03-15 13:35:50.023978,1.13202,1.1321
580,2019-03-15 13:35:50.213426,1.132,1.13208
581,2019-03-15 13:35:51.005088,1.13201,1.13209
582,2019-03-15 13:35:52.050558,1.13199,1.13207
583,2019-03-15 13:35:52.153462,1.13197,1.13205
584,2019-03-15 13:35:52.169171,1.13198,1.13206
585,2019-03-15 13:35:52.178781,1.13196,1.13204
586,2019-03-15 13:35:52.326701,1.13194,1.13202
587,2019-03-15 13:35:52.407013,1.13195,1.13203
588,2019-03-15 13:35:52.414369,1.13193,1.13201
589,2019-03-15 13:35:52.642366,1.13191,1.13199
590,2019-03-15 13:35:52.656501,1.13193,1.13199
591,2019-03-15 13:35:52.671588,1.13191,1.13197
592,2019-03-15 13:35:52.693714,1.13193,1.13199
593,2019-03-15 13:35:52.736693,1.13191,1.13197
594,2019-03-15 13:35:52.859552,1.13193,1.13199
595,2019-03-15 13:35:53.006786,1.13193,1.13199
596,2019-03-15 13:35:53.560304,1.13191,1.13197
597,2019-03-15 13:35:54.696816,1.13193,1.13197
598,2019-03-15 13:35:56.010832,1.13193,1.13197
599,2019-03-15 13:35:57.035470,1.13192,1.13196
600,2019-03-15 13:35:57.248355,1.13194,1.13198
601,2019-03-15 13:35:57.333104,1.13196,1.132
602,2019-03-15 13:35:57.517898,1.13194,1.13198
603,2019-03-15 13:35:57.666316,1.13192,1.13196
604,2019-03-15 13:35:59.012576,1.13193,1.13197
605,2019-03-15 13:35:59.262938,1.1319,1.13197
606,2019-03-15 13:35:59.272360,1.1319,1.13194
607,2019-03-15 13:35:59.291837,1.13191,1.13195
608,2019-03-15 13:35:59.304986,1.13191,1.13195
609,2019-03-15 13:35:59.328589,1.13189,1.13193
610,2019-03-15 13:35:59.402791,1.13187,1.13191
611,2019-03-15 13:35:59.411955,1.13189,1.13193
612,2019-03-15 13:35:59.464029,1.13187,1.13191
613,2019-03-15 13:35:59.597273,1.13188,1.13192
614,2019-03-15 13:35:59.606741,1.13188,1.13192
615,2019-03-15 13:35:59.680341,1.13189,1.13195
616,2019-03-15 13:36:00.080254,1.13191,1.13197
617,2019-03-15 13:36:00.129750,1.13189,1.13195
618,2019-03-15 13:36:00.155212,1.13192,1.13198
619,2019-03-15 13:36:00.414044,1.13192,1.13198
620,2019-03-15 13:36:00.655145,1.13191,1.13195
621,2019-03-15 13:36:01.295849,1.13191,1.13195
622,2019-03-15 13:36:01.841958,1.13193,1.13197
623,2019-03-15 13:36:01.875231,1.13195,1.13199
624,2019-03-15 13:36:01.884126,1.13193,1.13197
625,2019-03-15 13:36:02.011861,1.13192,1.13196
626,2019-03-15 13:36:02.787565,1.1319,1.13196
627,2019-03-15 13:36:03.472512,1.13191,1.13197
628,2019-03-15 13:36:03.547374,1.13191,1.13197
629,2019-03-15 13:36:04.846580,1.13192,1.13196
630,2019-03-15 13:36:05.008803,1.13193,1.13197
631,2019-03-15 13:36:05.815151,1.13196,1.132
632,2019-03-15 13:36:05.826912,1.13196,1.132
633,2019-03-15 13:36:06.573663,1.13194,1.13198
634,2019-03-15 13:36:07.159132,1.13195,1.13199
635,2019-03-15 13:36:07.326007,1.13193,1.13197
636,2019-03-15 13:36:07.488036,1.13195,1.13199
637,2019-03-15 13:36:07.576015,1.13197,1.13201
638,2019-03-15 13:36:07.655115,1.13198,1.13204
639,2019-03-15 13:36:07.885601,1.13193,1.13199
640,2019-03-15 13:36:08.662270,1.13193,1.13198
641,2019-03-15 13:36:09.194611,1.13193,1.13199
642,2019-03-15 13:36:09.204536,1.13195,1.13199
643,2019-03-15 13:36:09.217911,1.13197,1.13201
644,2019-03-15 13:36:09.274258,1.13195,1.13199
645,2019-03-15 13:36:09.399271,1.13193,1.132
646,2019-03-15 13:36:09.408960,1.13193,1.13199
647,2019-03-15 13:36:09.419400,1.13193,1.13198
648,2019-03-15 13:36:09.432388,1.13193,1.13197
649,2019-03-15 13:36:09.441790,1.13191,1.13197
650,2019-03-15 13:36:09.507026,1.13191,1.13197
651,2019-03-15 13:36:09.518626,1.13191,1.13196
652,2019-03-15 13:36:09.557609,1.13191,1.13195
653,2019-03-15 13:36:09.569783,1.13192,1.13196
654,2019-03-15 13:36:09.579752,1.1319,1.13196
655,2019-03-15 13:36:09.611793,1.1319,1.13195
656,2019-03-15 13:36:09.634043,1.1319,1.13194
657,2019-03-15 13:36:10.681399,1.13189,1.13195
658,2019-03-15 13:36:11.090148,1.13187,1.13194
659,2019-03-15 13:36:11.156630,1.13187,1.13193
660,2019-03-15 13:36:11.190773,1.13184,1.13193
661,2019-03-15 13:36:11.202190,1.13185,1.13191
662,2019-03-15 13:36:11.269753,1.13183,1.13191
663,2019-03-15 13:36:11.279071,1.13183,1.13189
664,2019-03-15 13:36:12.481614,1.13182,1.1319
665,2019-03-15 13:36:13.254904,1.13179,1.13187
666,2019-03-15 13:36:13.846813,1.13178,1.13186
667,2019-03-15 13:36:13.994227,1.13181,1.13189
668,2019-03-15 13:36:14.048153,1.13179,1.13187
669,2019-03-15 13:36:14.520453,1.13177,1.13185
670,2019-03-15 13:36:15.634580,1.13177,1.13185
671,2019-03-15 13:36:18.005089,1.13177,1.13185
672,2019-03-15 13:36:18.739279,1.1318,1.13188
673,2019-03-15 13:36:18.792506,1.13178,1.13186
674,2019-03-15 13:36:19.009007,1.13177,1.13185
675,2019-03-15 13:36:19.703842,1.13177,1.13185
676,2019-03-15 13:36:21.090676,1.13174,1.13182
677,2019-03-15 13:36:21.100920,1.13175,1.13183
678,2019-03-15 13:36:21.111754,1.13173,1.13181
679,2019-03-15 13:36:21.139617,1.13175,1.13183
680,2019-03-15 13:36:21.152864,1.13172,1.1318
681,2019-03-15 13:36:21.539340,1.13175,1.13183
682,2019-03-15 13:36:21.695307,1.13177,1.13185
683,2019-03-15 13:36:22.006347,1.13176,1.13184
684,2019-03-15 13:36:22.885583,1.13174,1.13182
685,2019-03-15 13:36:22.896939,1.13173,1.13181
686,2019-03-15 13:36:22.978209,1.13172,1.1318
687,2019-03-15 13:36:23.051579,1.13178,1.13186
688,2019-03-15 13:36:24.027710,1.13177,1.13185
689,2019-03-15 13:36:26.124082,1.13178,1.13186
690,2019-03-15 13:36:26.346090,1.13178,1.13186
691,2019-03-15 13:36:26.418447,1.13172,1.1318
692,2019-03-15 13:36:26.775744,1.13174,1.13182
693,2019-03-15 13:36:26.887006,1.13172,1.1318
694,2019-03-15 13:36:27.016038,1.13172,1.1318
695,2019-03-15 13:36:27.036892,1.13172,1.1318
696,2019-03-15 13:36:27.502595,1.13173,1.13181
697,2019-03-15 13:36:27.750930,1.13174,1.13182
698,2019-03-15 13:36:27.760439,1.13172,1.1318
699,2019-03-15 13:36:27.806422,1.13172,1.1318
700,2019-03-15 13:36:28.466073,1.13174,1.13182
701,2019-03-15 13:36:29.011805,1.13173,1.13181
702,2019-03-15 13:36:29.325241,1.13175,1.13183
703,2019-03-15 13:36:29.983062,1.13173,1.13181
704,2019-03-15 13:36:30.588307,1.13174,1.13182
705,2019-03-15 13:36:30.598160,1.13175,1.13183
706,2019-03-15 13:36:32.009190,1.13175,1.13183
707,2019-03-15 13:36:33.008408,1.13175,1.13183
708,2019-03-15 13:36:33.492381,1.13181,1.13187
709,2019-03-15 13:36:33.502909,1.13183,1.13191
710,2019-03-15 13:36:34.731072,1.13184,1.13192
711,2019-03-15 13:36:34.836715,1.13183,1.13191
712,2019-03-15 13:36:35.010628,1.13184,1.13192
713,2019-03-15 13:36:35.021735,1.13185,1.13193
714,2019-03-15 13:36:36.004977,1.13185,1.13193
715,2019-03-15 13:36:36.696410,1.13184,1.13192
716,2019-03-15 13:36:37.504116,1.13184,1.13192
717,2019-03-15 13:36:38.147206,1.13184,1.13192
718,2019-03-15 13:36:38.906960,1.13185,1.13193
719,2019-03-15 13:36:40.124997,1.13187,1.13195
720,2019-03-15 13:36:41.010020,1.13188,1.13194
721,2019-03-15 13:36:44.007513,1.13189,1.13195
722,2019-03-15 13:36:44.606393,1.13188,1.13194
723,2019-03-15 13:36:45.891141,1.13188,1.13194
724,2019-03-15 13:36:47.007283,1.13188,1.13194
725,2019-03-15 13:36:51.989382,1.13188,1.13194
726,2019-03-15 13:36:52.300092,1.13188,1.13194
727,2019-03-15 13:36:52.309925,1.13183,1.13189
728,2019-03-15 13:36:53.684632,1.13185,1.13191
729,2019-03-15 13:36:53.696355,1.13187,1.13193
730,2019-03-15 13:36:53.703845,1.13185,1.13191
731,2019-03-15 13:36:53.736010,1.13187,1.13193
732,2019-03-15 13:36:53.757645,1.13187,1.13191
733,2019-03-15 13:36:53.809395,1.13188,1.13192
734,2019-03-15 13:36:54.806863,1.13189,1.13193
735,2019-03-15 13:36:54.902856,1.13192,1.13196
736,2019-03-15 13:36:55.802823,1.13195,1.13199
737,2019-03-15 13:36:55.811014,1.13193,1.13197
738,2019-03-15 13:36:56.005477,1.13196,1.132
739,2019-03-15 13:36:56.078927,1.13194,1.13198
740,2019-03-15 13:36:56.104612,1.13196,1.132
741,2019-03-15 13:36:57.016647,1.13195,1.13201
742,2019-03-15 13:36:57.248079,1.13196,1.13202
743,2019-03-15 13:36:58.004240,1.13198,1.13204
744,2019-03-15 13:36:58.012195,1.13196,1.13202
745,2019-03-15 13:36:59.006291,1.13197,1.13203
746,2019-03-15 13:36:59.172387,1.13195,1.13201
747,2019-03-15 13:37:00.017032,1.13195,1.13201
748,2019-03-15 13:37:00.442834,1.13195,1.13201
749,2019-03-15 13:37:01.011348,1.13195,1.13201
750,2019-03-15 13:37:01.921081,1.13194,1.132
751,2019-03-15 13:37:01.947474,1.13193,1.13199
752,2019-03-15 13:37:01.955419,1.13194,1.132
753,2019-03-15 13:37:01.970380,1.13191,1.13197
754,2019-03-15 13:37:02.013809,1.13192,1.13198
755,2019-03-15 13:37:02.375476,1.13194,1.132
756,2019-03-15 13:37:02.430106,1.13192,1.13198
757,2019-03-15 13:37:02.755433,1.13194,1.13198
758,2019-03-15 13:37:03.007854,1.13194,1.13198
759,2019-03-15 13:37:03.304992,1.13196,1.132
760,2019-03-15 13:37:03.378171,1.13194,1.13198
761,2019-03-15 13:37:04.660351,1.13195,1.13199
762,2019-03-15 13:37:05.604648,1.13194,1.13198
763,2019-03-15 13:37:06.758378,1.13194,1.132
764,2019-03-15 13:37:08.802799,1.13194,1.13202
765,2019-03-15 13:37:10.141046,1.13189,1.13197
766,2019-03-15 13:37:10.218734,1.13189,1.13195
767,2019-03-15 13:37:11.341470,1.13189,1.13195
768,2019-03-15 13:37:13.349346,1.1319,1.13194
769,2019-03-15 13:37:13.914999,1.13192,1.13196
770,2019-03-15 13:37:14.164970,1.1319,1.13196
771,2019-03-15 13:37:14.306927,1.1319,1.13195
772,2019-03-15 13:37:14.547313,1.1319,1.13194
773,2019-03-15 13:37:14.620672,1.1319,1.13194
774,2019-03-15 13:37:14.844607,1.13192,1.13196
775,2019-03-15 13:37:15.525072,1.13192,1.13197
776,2019-03-15 13:37:16.292254,1.13192,1.13196
777,2019-03-15 13:37:16.634175,1.13193,1.13197
778,2019-03-15 13:37:18.461251,1.13193,1.13197
779,2019-03-15 13:37:18.472911,1.13195,1.13198
780,2019-03-15 13:37:18.541073,1.13195,1.13198
781,2019-03-15 13:37:20.007373,1.13197,1.13201
782,2019-03-15 13:37:21.011576,1.13196,1.132
783,2019-03-15 13:37:22.009082,1.13196,1.132
784,2019-03-15 13:37:22.063790,1.13196,1.132
785,2019-03-15 13:37:22.404531,1.13196,1.132
786,2019-03-15 13:37:23.007310,1.13196,1.132
787,2019-03-15 13:37:23.076026,1.13196,1.132
788,2019-03-15 13:37:23.080956,1.13196,1.132
789,2019-03-15 13:37:24.013619,1.13196,1.132
790,2019-03-15 13:37:24.905295,1.13194,1.13198
791,2019-03-15 13:37:24.963223,1.13196,1.132
792,2019-03-15 13:37:25.010231,1.13195,1.13199
793,2019-03-15 13:37:25.822659,1.13195,1.13201
794,2019-03-15 13:37:27.108134,1.13193,1.13199
795,2019-03-15 13:37:27.623600,1.13193,1.13199
796,2019-03-15 13:37:28.008008,1.13192,1.13198
797,2019-03-15 13:37:28.033131,1.13193,1.13199
798,2019-03-15 13:37:28.107285,1.13189,1.13195
799,2019-03-15 13:37:28.655622,1.13188,1.13194
800,2019-03-15 13:37:28.665103,1.13186,1.13193
801,2019-03-15 13:37:28.732825,1.13186,1.13192
802,2019-03-15 13:37:28.742500,1.13186,1.13192
803,2019-03-15 13:37:28.752046,1.13184,1.13191
804,2019-03-15 13:37:28.791116,1.13184,1.1319
805,2019-03-15 13:37:29.013363,1.13183,1.13189
806,2019-03-15 13:37:29.915321,1.13181,1.13187
807,2019-03-15 13:37:29.923602,1.13182,1.13188
808,2019-03-15 13:37:29.933391,1.1318,1.13186
809,2019-03-15 13:37:30.017573,1.13179,1.13186
810,2019-03-15 13:37:30.029571,1.13178,1.13186
811,2019-03-15 13:37:30.035397,1.13178,1.13185
812,2019-03-15 13:37:30.397105,1.13178,1.13184
813,2019-03-15 13:37:30.767584,1.13178,1.13186
814,2019-03-15 13:37:31.137537,1.13178,1.13186
815,2019-03-15 13:37:31.210738,1.13183,1.13191
816,2019-03-15 13:37:33.874540,1.13185,1.13193
817,2019-03-15 13:37:35.073524,1.13185,1.13193
818,2019-03-15 13:37:35.900117,1.13182,1.1319
819,2019-03-15 13:37:36.766766,1.13182,1.13188
820,2019-03-15 13:37:38.009029,1.13182,1.13188
821,2019-03-15 13:37:38.622216,1.13184,1.1319
822,2019-03-15 13:37:39.757316,1.13183,1.13187
823,2019-03-15 13:37:40.015397,1.13187,1.13191
824,2019-03-15 13:37:41.009966,1.13184,1.13188
825,2019-03-15 13:37:41.878364,1.13184,1.13191
826,2019-03-15 13:37:41.891933,1.13186,1.13191
827,2019-03-15 13:37:41.900248,1.13188,1.13192
828,2019-03-15 13:37:41.955465,1.13186,1.1319
829,2019-03-15 13:37:41.965509,1.13188,1.13192
830,2019-03-15 13:37:42.805794,1.13185,1.13193
831,2019-03-15 13:37:43.014904,1.13185,1.13193
832,2019-03-15 13:37:43.505314,1.13184,1.13192
833,2019-03-15 13:37:43.778618,1.13186,1.13192
834,2019-03-15 13:37:44.010709,1.13186,1.13192
835,2019-03-15 13:37:45.004795,1.13189,1.13195
836,2019-03-15 13:37:46.113480,1.13189,1.13195
837,2019-03-15 13:37:46.761100,1.13192,1.13196
838,2019-03-15 13:37:47.014428,1.13191,1.13194
839,2019-03-15 13:37:47.891200,1.13192,1.13196
840,2019-03-15 13:37:48.805040,1.13191,1.13195
841,2019-03-15 13:37:49.008558,1.13192,1.13196
842,2019-03-15 13:37:50.705575,1.13192,1.13196
843,2019-03-15 13:37:51.980740,1.13192,1.13196
844,2019-03-15 13:37:52.005016,1.13192,1.13196
845,2019-03-15 13:37:54.919167,1.13194,1.13198
846,2019-03-15 13:37:54.928625,1.13196,1.132
847,2019-03-15 13:37:54.980051,1.13194,1.13198
848,2019-03-15 13:37:57.011137,1.13194,1.13198
849,2019-03-15 13:37:57.994013,1.13194,1.132
850,2019-03-15 13:37:58.006042,1.13194,1.132
851,2019-03-15 13:37:58.190853,1.13196,1.13202
852,2019-03-15 13:37:58.831033,1.13196,1.132
853,2019-03-15 13:37:59.107690,1.13198,1.13202
854,2019-03-15 13:37:59.184212,1.132,1.13204
855,2019-03-15 13:37:59.221198,1.13201,1.13205
856,2019-03-15 13:37:59.229789,1.13198,1.13202
857,2019-03-15 13:38:00.011699,1.13198,1.13203
858,2019-03-15 13:38:00.028334,1.13199,1.13203
859,2019-03-15 13:38:00.754726,1.13197,1.13204
860,2019-03-15 13:38:02.010135,1.13197,1.13204
861,2019-03-15 13:38:02.288363,1.13197,1.13204
862,2019-03-15 13:38:02.401306,1.13197,1.13206
863,2019-03-15 13:38:02.411578,1.13199,1.13205
864,2019-03-15 13:38:02.421926,1.132,1.13206
865,2019-03-15 13:38:02.432938,1.13198,1.13205
866,2019-03-15 13:38:02.460582,1.13198,1.13206
867,2019-03-15 13:38:02.470719,1.13198,1.13205
868,2019-03-15 13:38:02.707443,1.13198,1.13205
869,2019-03-15 13:38:02.773905,1.132,1.13205
870,2019-03-15 13:38:02.992486,1.132,1.13204
871,2019-03-15 13:38:03.012077,1.13199,1.13204
872,2019-03-15 13:38:03.039859,1.13199,1.13205
873,2019-03-15 13:38:04.328968,1.132,1.13205
874,2019-03-15 13:38:04.338758,1.132,1.13204
875,2019-03-15 13:38:05.007877,1.13199,1.13204
876,2019-03-15 13:38:05.149824,1.13199,1.13205
877,2019-03-15 13:38:05.217731,1.13199,1.13204
878,2019-03-15 13:38:05.462374,1.13199,1.13203
879,2019-03-15 13:38:06.005493,1.13198,1.13202
880,2019-03-15 13:38:06.932127,1.13198,1.13202
881,2019-03-15 13:38:07.006090,1.132,1.13203
882,2019-03-15 13:38:09.011229,1.13201,1.13205
883,2019-03-15 13:38:09.889955,1.13201,1.13207
884,2019-03-15 13:38:11.140191,1.13202,1.13206
885,2019-03-15 13:38:12.003146,1.13203,1.13207
886,2019-03-15 13:38:14.006201,1.13202,1.13206
887,2019-03-15 13:38:15.005844,1.13202,1.13206
888,2019-03-15 13:38:15.788795,1.132,1.13206
889,2019-03-15 13:38:16.053245,1.13202,1.13208
890,2019-03-15 13:38:16.064428,1.13204,1.1321
891,2019-03-15 13:38:16.075751,1.13206,1.13212
892,2019-03-15 13:38:16.092839,1.13206,1.13212
893,2019-03-15 13:38:16.115075,1.13204,1.1321
894,2019-03-15 13:38:16.124571,1.13202,1.13208
895,2019-03-15 13:38:16.138857,1.13204,1.1321
896,2019-03-15 13:38:16.149669,1.13205,1.13211
897,2019-03-15 13:38:16.158074,1.13204,1.1321
898,2019-03-15 13:38:16.210421,1.13207,1.13213
899,2019-03-15 13:38:16.313365,1.13209,1.13215
900,2019-03-15 13:38:16.953165,1.13207,1.13215
901,2019-03-15 13:38:17.006728,1.13205,1.13213
902,2019-03-15 13:38:17.053198,1.13207,1.13215
903,2019-03-15 13:38:17.064316,1.13209,1.13218
904,2019-03-15 13:38:17.072538,1.13209,1.13217
905,2019-03-15 13:38:17.085125,,
906,2019-03-15 13:38:17.122423,1.13211,1.13221
907,2019-03-15 13:38:17.122953,,
908,2019-03-15 13:38:17.136655,1.13211,1.13221
909,2019-03-15 13:38:17.136962,,
910,2019-03-15 13:38:17.137300,1.13211,1.13223
911,2019-03-15 13:38:17.154877,1.13214,1.13223
912,2019-03-15 13:38:17.155150,,
913,2019-03-15 13:38:17.155461,1.13215,1.13223
914,2019-03-15 13:38:17.155716,,
915,2019-03-15 13:38:17.156407,1.13216,1.13224
916,2019-03-15 13:38:17.179240,1.13218,1.13226
917,2019-03-15 13:38:17.179520,,
918,2019-03-15 13:38:17.179715,1.13218,1.13226
919,2019-03-15 13:38:17.179799,,
920,2019-03-15 13:38:17.180082,1.13218,1.13226
921,2019-03-15 13:38:17.207403,1.1322,1.13228
922,2019-03-15 13:38:17.209569,1.13215,1.13234
923,2019-03-15 13:38:17.227464,1.13216,1.13235
924,2019-03-15 13:38:17.242766,1.13218,1.13237
925,2019-03-15 13:38:17.259293,1.13216,1.13235
926,2019-03-15 13:38:17.270043,1.13218,1.13237
927,2019-03-15 13:38:17.284852,1.13216,1.13235
928,2019-03-15 13:38:17.386501,1.13214,1.13233
929,2019-03-15 13:38:17.473784,1.13215,1.13234
930,2019-03-15 13:38:17.531047,1.13218,1.13237
931,2019-03-15 13:38:17.542599,1.13216,1.13235
932,2019-03-15 13:38:17.549825,1.13216,1.13235
933,2019-03-15 13:38:17.614149,1.13216,1.13235
934,2019-03-15 13:38:17.623444,1.13219,1.13238
935,2019-03-15 13:38:17.808468,1.13217,1.13236
936,2019-03-15 13:38:18.009526,1.13214,1.13233
937,2019-03-15 13:38:19.111589,1.13214,1.13233
938,2019-03-15 13:38:19.228063,1.13212,1.13231
939,2019-03-15 13:38:19.237707,1.1321,1.13229
940,2019-03-15 13:38:19.307537,1.13209,1.13228
941,2019-03-15 13:38:19.337323,1.13208,1.13227
942,2019-03-15 13:38:19.578418,1.13206,1.13225
943,2019-03-15 13:38:19.624851,1.13208,1.13227
944,2019-03-15 13:38:19.673665,1.13205,1.13224
945,2019-03-15 13:38:19.704180,1.13206,1.13225
946,2019-03-15 13:38:20.395823,1.13208,1.13227
947,2019-03-15 13:38:20.412323,1.1321,1.13229
948,2019-03-15 13:38:20.505525,1.13209,1.13228
949,2019-03-15 13:38:21.615005,1.13208,1.13227
950,2019-03-15 13:38:22.110283,1.13208,1.13227
951,2019-03-15 13:38:22.144895,1.13206,1.13225
952,2019-03-15 13:38:22.162220,1.13204,1.13223
953,2019-03-15 13:38:23.359403,1.13206,1.13225
954,2019-03-15 13:38:23.444983,1.13208,1.13227
955,2019-03-15 13:38:24.205340,1.13209,1.13228
956,2019-03-15 13:38:24.408678,1.13211,1.1323
957,2019-03-15 13:38:24.420599,1.13212,1.13231
958,2019-03-15 13:38:24.452352,1.1321,1.13229
959,2019-03-15 13:38:24.454152,1.13212,1.13231
960,2019-03-15 13:38:24.455423,1.1321,1.13229
961,2019-03-15 13:38:25.014641,1.1321,1.13229
962,2019-03-15 13:38:25.145396,1.13212,1.13231
963,2019-03-15 13:38:25.273916,1.13214,1.13233
964,2019-03-15 13:38:25.289986,1.13212,1.13231
965,2019-03-15 13:38:25.307571,1.13214,1.13233
966,2019-03-15 13:38:25.502383,1.13216,1.13235
967,2019-03-15 13:38:25.526845,1.13216,1.13235
968,2019-03-15 13:38:25.853366,1.13218,1.13237
969,2019-03-15 13:38:26.010384,1.13223,1.13242
970,2019-03-15 13:38:26.022313,1.13221,1.1324
971,2019-03-15 13:38:26.179762,1.13223,1.13242
972,2019-03-15 13:38:26.303847,1.13224,1.13243
973,2019-03-15 13:38:26.507870,1.13225,1.13244
974,2019-03-15 13:38:27.585439,1.13228,1.13247
975,2019-03-15 13:38:27.800149,1.13225,1.13244
976,2019-03-15 13:38:28.160215,1.13228,1.13247
977,2019-03-15 13:38:28.307086,1.13229,1.13248
978,2019-03-15 13:38:28.314803,1.13232,1.13251
979,2019-03-15 13:38:28.346604,1.13235,1.13254
980,2019-03-15 13:38:28.359977,1.13236,1.13255
981,2019-03-15 13:38:28.414690,1.13237,1.13256
982,2019-03-15 13:38:28.419891,1.13235,1.13254
983,2019-03-15 13:38:28.439382,1.13238,1.13257
984,2019-03-15 13:38:28.450115,1.13238,1.13257
985,2019-03-15 13:38:28.465628,1.1324,1.13259
986,2019-03-15 13:38:28.501961,1.13238,1.13257
987,2019-03-15 13:38:28.707340,1.13239,1.13258
988,2019-03-15 13:38:28.806103,1.13239,1.13258
989,2019-03-15 13:38:29.025513,1.13237,1.13256
990,2019-03-15 13:38:29.402684,1.13235,1.13254
991,2019-03-15 13:38:29.504631,1.13236,1.13255
992,2019-03-15 13:38:30.010211,1.13234,1.13253
993,2019-03-15 13:38:30.207954,1.13233,1.13252
994,2019-03-15 13:38:30.352924,1.13235,1.13254
995,2019-03-15 13:38:30.369992,1.13237,1.13256
996,2019-03-15 13:38:30.379998,1.13238,1.13257
997,2019-03-15 13:38:30.429766,1.13236,1.13255
998,2019-03-15 13:38:30.478939,1.13238,1.13257
999,2019-03-15 13:38:30.528321,1.13236,1.13255
1000,2019-03-15 13:38:30.958858,1.1324,1.13253
1001,2019-03-15 13:38:31.006495,1.1324,1.13253
1002,2019-03-15 13:38:31.748538,1.13242,1.13255
1003,2019-03-15 13:38:31.759003,1.13243,1.13256
1004,2019-03-15 13:38:31.833540,1.13245,1.13258
1005,2019-03-15 13:38:32.006249,1.13245,1.13258
1006,2019-03-15 13:38:32.296399,1.13243,1.13256
1007,2019-03-15 13:38:32.342130,1.13244,1.13257
1008,2019-03-15 13:38:32.350791,1.13242,1.13255
1009,2019-03-15 13:38:32.359865,1.13242,1.13255
1010,2019-03-15 13:38:33.008389,1.13238,1.13251
1011,2019-03-15 13:38:33.204672,1.13236,1.13249
1012,2019-03-15 13:38:33.213757,1.13234,1.13247
1013,2019-03-15 13:38:33.232520,1.13236,1.13249
1014,2019-03-15 13:38:33.248825,1.13234,1.13247
1015,2019-03-15 13:38:33.307222,1.13233,1.13246
1016,2019-03-15 13:38:33.341530,1.13235,1.13248
1017,2019-03-15 13:38:33.351246,1.13233,1.13246
1018,2019-03-15 13:38:33.360697,1.13235,1.13248
1019,2019-03-15 13:38:33.507736,1.13233,1.13246
1020,2019-03-15 13:38:34.573640,1.13234,1.13247
1021,2019-03-15 13:38:34.595598,1.13232,1.13245
1022,2019-03-15 13:38:34.960612,1.13234,1.13247
1023,2019-03-15 13:38:34.975738,1.13236,1.13249
1024,2019-03-15 13:38:34.984384,1.13236,1.13249
1025,2019-03-15 13:38:35.004189,1.13239,1.13252
1026,2019-03-15 13:38:35.023889,1.13237,1.1325
1027,2019-03-15 13:38:35.074969,1.1324,1.13253
1028,2019-03-15 13:38:35.150419,1.13238,1.13251
1029,2019-03-15 13:38:35.189340,1.13236,1.13249
1030,2019-03-15 13:38:35.364162,1.13238,1.13251
1031,2019-03-15 13:38:35.375464,1.1324,1.13253
1032,2019-03-15 13:38:35.418166,1.13238,1.13251
1033,2019-03-15 13:38:35.428280,1.1324,1.13253
1034,2019-03-15 13:38:35.801660,1.13238,1.13251
1035,2019-03-15 13:38:35.948321,1.13236,1.13249
1036,2019-03-15 13:38:36.301626,1.13239,1.13252
1037,2019-03-15 13:38:36.318490,1.13241,1.13254
1038,2019-03-15 13:38:36.325831,1.1324,1.13253
1039,2019-03-15 13:38:36.341676,1.13241,1.13254
1040,2019-03-15 13:38:36.348705,1.13241,1.13254
1041,2019-03-15 13:38:36.366179,1.13239,1.13252
1042,2019-03-15 13:38:36.516056,1.13241,1.13254
1043,2019-03-15 13:38:36.525871,1.13239,1.13252
1044,2019-03-15 13:38:36.536069,1.13237,1.1325
1045,2019-03-15 13:38:36.589672,1.13239,1.13252
1046,2019-03-15 13:38:37.165289,1.13237,1.1325
1047,2019-03-15 13:38:37.304262,1.13238,1.13251
1048,2019-03-15 13:38:37.349086,1.13236,1.13249
1049,2019-03-15 13:38:38.066321,1.13236,1.13249
1050,2019-03-15 13:38:38.140422,1.13229,1.13244
1051,2019-03-15 13:38:38.214069,1.13229,1.13243
1052,2019-03-15 13:38:39.090196,1.13229,1.13243
1053,2019-03-15 13:38:39.130365,1.13227,1.13243
1054,2019-03-15 13:38:39.139669,1.13227,1.13242
1055,2019-03-15 13:38:39.154673,1.13228,1.13242
1056,2019-03-15 13:38:39.164667,1.13228,1.13242
1057,2019-03-15 13:38:39.220178,1.13228,1.13241
1058,2019-03-15 13:38:39.700228,1.13226,1.1324
1059,2019-03-15 13:38:39.728783,1.13226,1.13239
1060,2019-03-15 13:38:39.738290,1.13227,1.1324
1061,2019-03-15 13:38:39.801975,1.13235,1.13248
1062,2019-03-15 13:38:40.270288,1.13238,1.13251
1063,2019-03-15 13:38:40.337081,1.1324,1.13253
1064,2019-03-15 13:38:40.424645,1.13238,1.13251
1065,2019-03-15 13:38:40.508450,1.13236,1.13249
1066,2019-03-15 13:38:41.619746,1.13235,1.13248
1067,2019-03-15 13:38:43.143144,1.13235,1.13248
1068,2019-03-15 13:38:44.760093,1.13238,1.13251
1069,2019-03-15 13:38:44.769319,1.13239,1.13252
1070,2019-03-15 13:38:44.805088,1.13237,1.1325
1071,2019-03-15 13:38:44.814473,1.13238,1.13246
1072,2019-03-15 13:38:44.849000,1.1324,1.13248
1073,2019-03-15 13:38:45.009999,1.1324,1.13248
1074,2019-03-15 13:38:46.111477,1.1324,1.13248
1075,2019-03-15 13:38:47.017673,1.1324,1.13248
1076,2019-03-15 13:38:47.415003,1.13242,1.1325
1077,2019-03-15 13:38:47.474526,1.13244,1.13252
1078,2019-03-15 13:38:47.596669,1.13246,1.13254
1079,2019-03-15 13:38:47.687212,1.13247,1.13255
1080,2019-03-15 13:38:47.719039,1.13249,1.13257
1081,2019-03-15 13:38:47.765318,1.13246,1.13254
1082,2019-03-15 13:38:47.924678,1.13248,1.13256
1083,2019-03-15 13:38:47.950912,1.1325,1.13258
1084,2019-03-15 13:38:47.962514,1.13249,1.13257
1085,2019-03-15 13:38:47.973870,1.13248,1.13256
1086,2019-03-15 13:38:47.989041,1.13246,1.13254
1087,2019-03-15 13:38:48.429869,1.13249,1.13257
1088,2019-03-15 13:38:49.010894,1.13244,1.13252
1089,2019-03-15 13:38:49.241390,1.13242,1.13252
1090,2019-03-15 13:38:49.303688,1.13242,1.1325
1091,2019-03-15 13:38:49.318815,1.1324,1.13249
1092,2019-03-15 13:38:49.327836,1.1324,1.1325
1093,2019-03-15 13:38:49.338339,1.1324,1.13251
1094,2019-03-15 13:38:49.384825,1.1324,1.13249
1095,2019-03-15 13:38:49.394184,1.1324,1.13251
1096,2019-03-15 13:38:49.472684,1.13242,1.13251
1097,2019-03-15 13:38:49.482371,1.13242,1.1325
1098,2019-03-15 13:38:49.610942,1.13244,1.13252
1099,2019-03-15 13:38:50.347326,1.13245,1.13253
1100,2019-03-15 13:38:50.393509,1.13245,1.13256
1101,2019-03-15 13:38:50.404231,1.13247,1.13256
1102,2019-03-15 13:38:50.414274,1.13249,1.13257
1103,2019-03-15 13:38:50.485438,1.13247,1.13255
1104,2019-03-15 13:38:51.264261,1.13245,1.13254
1105,2019-03-15 13:38:51.311452,1.13245,1.13255
1106,2019-03-15 13:38:51.321675,1.13245,1.13254
1107,2019-03-15 13:38:51.524435,1.13245,1.13255
1108,2019-03-15 13:38:51.607751,1.13245,1.13256
1109,2019-03-15 13:38:51.618260,1.13247,1.13256
1110,2019-03-15 13:38:51.627390,1.13249,1.13257
1111,2019-03-15 13:38:51.683033,1.13247,1.13258
1112,2019-03-15 13:38:51.692360,1.13249,1.13257
1113,2019-03-15 13:38:52.011327,1.1325,1.13258
1114,2019-03-15 13:38:52.239203,1.13248,1.13258
1115,2019-03-15 13:38:52.344875,1.13248,1.13257
1116,2019-03-15 13:38:52.631874,1.13248,1.13256
1117,2019-03-15 13:38:53.013355,1.13249,1.13257
1118,2019-03-15 13:38:53.086007,1.13247,1.13255
1119,2019-03-15 13:38:53.179336,1.13245,1.13254
1120,2019-03-15 13:38:53.191265,1.13245,1.13255
1121,2019-03-15 13:38:53.282660,1.13245,1.13256
1122,2019-03-15 13:38:53.298727,1.13245,1.13255
1123,2019-03-15 13:38:53.326378,1.13245,1.13254
1124,2019-03-15 13:38:53.512583,1.13247,1.13255
1125,2019-03-15 13:38:53.848217,1.13245,1.13253
1126,2019-03-15 13:38:54.521831,1.13245,1.13256
1127,2019-03-15 13:38:54.531622,1.13247,1.13256
1128,2019-03-15 13:38:54.541555,1.13247,1.13255
1129,2019-03-15 13:38:54.592218,1.13245,1.13254
1130,2019-03-15 13:38:54.755589,1.13247,1.13255
1131,2019-03-15 13:38:54.910534,1.13245,1.13253
1132,2019-03-15 13:38:55.746983,1.13246,1.13254
1133,2019-03-15 13:38:55.819266,1.13248,1.13256
1134,2019-03-15 13:38:56.892490,1.13249,1.13257
1135,2019-03-15 13:38:58.218177,1.13252,1.1326
1136,2019-03-15 13:38:58.812553,1.1325,1.13258
1137,2019-03-15 13:38:58.854980,1.13252,1.1326
1138,2019-03-15 13:38:59.012288,1.13253,1.13261
1139,2019-03-15 13:38:59.440790,1.1325,1.13258
1140,2019-03-15 13:38:59.454425,1.13253,1.13261
1141,2019-03-15 13:38:59.510013,1.13251,1.13259
1142,2019-03-15 13:39:00.017756,1.13252,1.1326
1143,2019-03-15 13:39:00.731339,1.13254,1.13262
1144,2019-03-15 13:39:00.751400,1.13255,1.13263
1145,2019-03-15 13:39:00.779804,1.13253,1.13261
1146,2019-03-15 13:39:00.856157,1.13255,1.13263
1147,2019-03-15 13:39:00.867574,1.13253,1.13261
1148,2019-03-15 13:39:02.008446,1.13253,1.13261
1149,2019-03-15 13:39:02.068606,1.13251,1.13259
1150,2019-03-15 13:39:02.080030,1.13253,1.13261
1151,2019-03-15 13:39:02.090008,1.13251,1.13259
1152,2019-03-15 13:39:02.669451,1.13253,1.13261
1153,2019-03-15 13:39:02.709592,1.13251,1.13259
1154,2019-03-15 13:39:02.774488,1.13253,1.13259
1155,2019-03-15 13:39:03.057404,1.13251,1.13257
1156,2019-03-15 13:39:03.334709,1.13253,1.13259
1157,2019-03-15 13:39:03.756281,1.13251,1.13259
1158,2019-03-15 13:39:04.876707,1.1325,1.13258
1159,2019-03-15 13:39:05.009910,1.13247,1.13256
1160,2019-03-15 13:39:05.043863,1.13247,1.13257
1161,2019-03-15 13:39:05.051088,1.13249,1.13259
1162,2019-03-15 13:39:05.057592,1.13249,1.13257
1163,2019-03-15 13:39:05.071602,1.13249,1.13257
1164,2019-03-15 13:39:05.095366,1.13247,1.13255
1165,2019-03-15 13:39:05.140102,1.13245,1.13255
1166,2019-03-15 13:39:05.163562,1.13245,1.13254
1167,2019-03-15 13:39:05.202163,1.13245,1.13253
1168,2019-03-15 13:39:05.289526,1.13244,1.13252
1169,2019-03-15 13:39:06.152854,1.13246,1.13252
1170,2019-03-15 13:39:07.072625,1.13249,1.13254
1171,2019-03-15 13:39:07.082495,1.1325,1.13256
1172,2019-03-15 13:39:08.008599,1.1325,1.13256
1173,2019-03-15 13:39:08.604864,1.1325,1.13256
1174,2019-03-15 13:39:08.692407,1.13248,1.13254
1175,2019-03-15 13:39:08.702450,1.1325,1.13256
1176,2019-03-15 13:39:08.724643,1.13248,1.13254
1177,2019-03-15 13:39:08.734697,1.13249,1.13255
1178,2019-03-15 13:39:08.754821,1.13247,1.13253
1179,2019-03-15 13:39:08.763633,1.13249,1.13253
1180,2019-03-15 13:39:08.894719,1.13252,1.13256
1181,2019-03-15 13:39:09.811344,1.13248,1.13256
1182,2019-03-15 13:39:12.215248,1.13245,1.13253
1183,2019-03-15 13:39:12.226275,1.13246,1.13254
1184,2019-03-15 13:39:12.235066,1.13244,1.13252
1185,2019-03-15 13:39:13.406764,1.13243,1.13251
1186,2019-03-15 13:39:13.551767,1.13244,1.13252
1187,2019-03-15 13:39:13.626822,1.13241,1.13249
1188,2019-03-15 13:39:13.691451,1.13243,1.13251
1189,2019-03-15 13:39:13.729231,1.13241,1.13249
1190,2019-03-15 13:39:13.738869,1.13239,1.13247
1191,2019-03-15 13:39:13.760237,1.13241,1.13247
1192,2019-03-15 13:39:13.789643,1.13243,1.13249
1193,2019-03-15 13:39:14.008868,1.13242,1.13248
1194,2019-03-15 13:39:14.475523,1.1324,1.13246
1195,2019-03-15 13:39:15.630473,1.13242,1.13248
1196,2019-03-15 13:39:15.646800,1.13244,1.1325
1197,2019-03-15 13:39:15.654695,1.13242,1.13248
1198,2019-03-15 13:39:15.935671,1.1324,1.13246
1199,2019-03-15 13:39:16.115601,1.13242,1.13248
1200,2019-03-15 13:39:16.124206,1.1324,1.13246
1201,2019-03-15 13:39:16.569982,1.13237,1.13243
1202,2019-03-15 13:39:16.594162,1.13238,1.13244
1203,2019-03-15 13:39:16.610885,1.13237,1.13243
1204,2019-03-15 13:39:16.625393,1.13236,1.13243
1205,2019-03-15 13:39:16.634326,1.13237,1.13243
1206,2019-03-15 13:39:16.670537,1.13236,1.13242
1207,2019-03-15 13:39:17.007369,1.13237,1.13241
1208,2019-03-15 13:39:17.740190,1.13235,1.13239
1209,2019-03-15 13:39:17.758793,1.13236,1.1324
1210,2019-03-15 13:39:17.765941,1.13234,1.13238
1211,2019-03-15 13:39:18.119173,1.13236,1.1324
1212,2019-03-15 13:39:19.244688,1.13237,1.13241
1213,2019-03-15 13:39:19.794352,1.13237,1.13243
1214,2019-03-15 13:39:21.425051,1.13239,1.13245
1215,2019-03-15 13:39:21.434937,1.13239,1.13247
1216,2019-03-15 13:39:21.454243,1.13241,1.13247
1217,2019-03-15 13:39:21.872177,1.13239,1.13245
1218,2019-03-15 13:39:22.008937,1.1324,1.13246
1219,2019-03-15 13:39:22.058365,1.13238,1.13244
1220,2019-03-15 13:39:22.528524,1.13235,1.13241
1221,2019-03-15 13:39:22.601975,1.13234,1.1324
1222,2019-03-15 13:39:22.658183,1.13234,1.1324
1223,2019-03-15 13:39:24.844560,1.13233,1.13239
1224,2019-03-15 13:39:25.955066,1.13234,1.1324
1225,2019-03-15 13:39:26.905287,1.13235,1.13239
1226,2019-03-15 13:39:27.963510,1.13234,1.13238
1227,2019-03-15 13:39:28.804218,1.13234,1.1324
1228,2019-03-15 13:39:29.919960,1.13233,1.13239
1229,2019-03-15 13:39:30.705974,1.13234,1.1324
1230,2019-03-15 13:39:32.269503,1.13233,1.13242
1231,2019-03-15 13:39:33.001573,1.13235,1.13244
1232,2019-03-15 13:39:33.288500,1.13233,1.13242
1233,2019-03-15 13:39:33.306124,1.13235,1.13241
1234,2019-03-15 13:39:33.466410,1.13237,1.13243
1235,2019-03-15 13:39:33.653674,1.13238,1.13244
1236,2019-03-15 13:39:33.776931,1.13237,1.13244
1237,2019-03-15 13:39:34.290515,1.13237,1.13243
1238,2019-03-15 13:39:34.957569,1.13238,1.13242
1239,2019-03-15 13:39:34.969469,1.13241,1.13245
1240,2019-03-15 13:39:35.380086,1.1324,1.13243
1241,2019-03-15 13:39:35.388240,1.13238,1.13242
1242,2019-03-15 13:39:35.802108,1.13236,1.13244
1243,2019-03-15 13:39:36.973641,1.13237,1.13243
1244,2019-03-15 13:39:37.508398,1.13237,1.13243
1245,2019-03-15 13:39:38.645956,1.13238,1.13244
1246,2019-03-15 13:39:38.778244,1.13236,1.13244
1247,2019-03-15 13:39:40.803556,1.13236,1.13244
1248,2019-03-15 13:39:41.315020,1.13243,1.13251
1249,2019-03-15 13:39:41.616989,1.13243,1.13251
1250,2019-03-15 13:39:42.102862,1.13242,1.1325
1251,2019-03-15 13:39:42.528164,1.1324,1.13248
1252,2019-03-15 13:39:42.615472,1.13238,1.13246
1253,2019-03-15 13:39:42.708413,1.13238,1.13246
1254,2019-03-15 13:39:43.159295,1.13236,1.13242
1255,2019-03-15 13:39:44.005258,1.13236,1.13242
1256,2019-03-15 13:39:44.880227,1.13234,1.1324
1257,2019-03-15 13:39:44.900649,1.13234,1.1324
1258,2019-03-15 13:39:44.907243,1.13234,1.13242
1259,2019-03-15 13:39:44.918356,1.13232,1.1324
1260,2019-03-15 13:39:44.968082,1.13234,1.13242
1261,2019-03-15 13:39:45.008026,1.13234,1.13242
1262,2019-03-15 13:39:45.024727,1.13235,1.13244
1263,2019-03-15 13:39:45.031048,1.13234,1.13242
1264,2019-03-15 13:39:45.241431,1.13234,1.13242
1265,2019-03-15 13:39:45.312296,1.13234,1.13242
1266,2019-03-15 13:39:45.574465,1.13233,1.13241
1267,2019-03-15 13:39:46.675075,1.13234,1.13242
1268,2019-03-15 13:39:46.905483,1.13235,1.13243
1269,2019-03-15 13:39:47.011488,1.13235,1.13243
1270,2019-03-15 13:39:47.076381,1.13237,1.13245
1271,2019-03-15 13:39:47.579986,1.13235,1.13243
1272,2019-03-15 13:39:48.162033,1.13234,1.13242
1273,2019-03-15 13:39:48.232284,1.13235,1.13243
1274,2019-03-15 13:39:48.496986,1.13233,1.13241
1275,2019-03-15 13:39:48.603012,1.13234,1.13242
1276,2019-03-15 13:39:51.007353,1.13228,1.13236
1277,2019-03-15 13:39:52.406493,1.13229,1.13237
1278,2019-03-15 13:39:52.756787,1.13229,1.13235
1279,2019-03-15 13:39:53.004401,1.13229,1.13235
1280,2019-03-15 13:39:53.015046,1.13229,1.13235
1281,2019-03-15 13:39:54.304785,1.13229,1.13235
1282,2019-03-15 13:39:54.405411,1.13228,1.13234
1283,2019-03-15 13:39:54.791395,1.13228,1.13236
1284,2019-03-15 13:39:55.003257,1.13228,1.13236
1285,2019-03-15 13:39:55.452250,1.13231,1.13237
1286,2019-03-15 13:39:56.901341,1.13227,1.13235
1287,2019-03-15 13:39:57.003071,1.13227,1.13235
1288,2019-03-15 13:39:57.164358,1.13227,1.13235
1289,2019-03-15 13:39:57.704635,1.13227,1.13235
1290,2019-03-15 13:39:58.015941,1.13227,1.13235
1291,2019-03-15 13:39:58.954345,1.13227,1.13235
1292,2019-03-15 13:40:00.112246,1.13229,1.13237
1293,2019-03-15 13:40:00.407165,1.13229,1.13237
1294,2019-03-15 13:40:00.415649,1.1323,1.13238
1295,2019-03-15 13:40:00.437963,1.13228,1.13236
1296,2019-03-15 13:40:00.706280,1.13228,1.13236
1297,2019-03-15 13:40:00.985556,1.1323,1.13238
1298,2019-03-15 13:40:01.001143,1.13232,1.1324
1299,2019-03-15 13:40:01.009817,1.1323,1.13238
1300,2019-03-15 13:40:02.203920,1.1323,1.13238
1301,2019-03-15 13:40:02.313171,1.13232,1.1324
1302,2019-03-15 13:40:02.384574,1.13232,1.1324
1303,2019-03-15 13:40:02.612309,1.13234,1.13242
1304,2019-03-15 13:40:02.629111,1.13236,1.13244
1305,2019-03-15 13:40:02.671349,1.13234,1.13242
1306,2019-03-15 13:40:02.754357,1.13234,1.1324
1307,2019-03-15 13:40:03.005685,1.13235,1.13241
1308,2019-03-15 13:40:03.018752,1.13235,1.13241
1309,2019-03-15 13:40:03.360823,1.13237,1.13243
1310,2019-03-15 13:40:04.603346,1.13238,1.13244
1311,2019-03-15 13:40:04.758895,1.13238,1.13242
1312,2019-03-15 13:40:04.807809,1.13238,1.13242
1313,2019-03-15 13:40:05.008622,1.13237,1.13241
1314,2019-03-15 13:40:05.624481,1.13238,1.13242
1315,2019-03-15 13:40:05.694901,1.13241,1.13245
1316,2019-03-15 13:40:06.256552,1.13241,1.13245
1317,2019-03-15 13:40:06.327980,1.13242,1.13246
1318,2019-03-15 13:40:06.787124,1.13241,1.13245
1319,2019-03-15 13:40:06.794364,1.13238,1.13242
1320,2019-03-15 13:40:10.802286,1.13236,1.13243
1321,2019-03-15 13:40:10.811338,1.13236,1.13244
1322,2019-03-15 13:40:10.823810,1.13238,1.13245
1323,2019-03-15 13:40:10.834832,1.13239,1.13246
1324,2019-03-15 13:40:10.879678,1.13239,1.13245
1325,2019-03-15 13:40:11.019492,1.13238,1.13246
1326,2019-03-15 13:40:11.106369,1.13238,1.13246
1327,2019-03-15 13:40:11.143076,1.13238,1.13247
1328,2019-03-15 13:40:11.308397,1.13238,1.13247
1329,2019-03-15 13:40:11.689576,1.1324,1.13247
1330,2019-03-15 13:40:11.806118,1.13239,1.13247
1331,2019-03-15 13:40:11.972267,1.13239,1.13246
1332,2019-03-15 13:40:12.004354,1.13239,1.13247
1333,2019-03-15 13:40:12.015035,1.13239,1.13246
1334,2019-03-15 13:40:12.027718,1.13237,1.13246
1335,2019-03-15 13:40:12.409003,1.13237,1.13245
1336,2019-03-15 13:40:12.497033,1.13237,1.13244
1337,2019-03-15 13:40:12.591373,1.13235,1.13244
1338,2019-03-15 13:40:12.672744,1.13235,1.13243
1339,2019-03-15 13:40:12.708043,1.13235,1.13244
1340,2019-03-15 13:40:12.733771,1.13235,1.13243
1341,2019-03-15 13:40:12.771060,1.13239,1.13243
1342,2019-03-15 13:40:13.115615,1.13242,1.13246
1343,2019-03-15 13:40:14.009356,1.13239,1.13243
1344,2019-03-15 13:40:14.024364,1.13239,1.13247
1345,2019-03-15 13:40:14.366281,1.13241,1.13249
1346,2019-03-15 13:40:14.385579,1.13242,1.1325
1347,2019-03-15 13:40:14.394256,1.13243,1.13251
1348,2019-03-15 13:40:15.010225,1.13242,1.1325
1349,2019-03-15 13:40:16.012851,1.13246,1.13252
1350,2019-03-15 13:40:19.955621,1.13244,1.1325
1351,2019-03-15 13:40:19.967196,1.13242,1.13248
1352,2019-03-15 13:40:20.605874,1.13241,1.13247
1353,2019-03-15 13:40:21.668411,1.13243,1.13249
1354,2019-03-15 13:40:21.698236,1.13245,1.13251
1355,2019-03-15 13:40:21.874044,1.13244,1.13249
1356,2019-03-15 13:40:22.009762,1.13247,1.13253
1357,2019-03-15 13:40:22.877065,1.13245,1.13251
1358,2019-03-15 13:40:23.009303,1.13245,1.13251
1359,2019-03-15 13:40:23.488300,1.13247,1.13253
1360,2019-03-15 13:40:23.789127,1.13246,1.1325
1361,2019-03-15 13:40:24.537827,1.13244,1.13248
1362,2019-03-15 13:40:25.005319,1.13243,1.13249
1363,2019-03-15 13:40:25.015962,1.1324,1.13246
1364,2019-03-15 13:40:25.423477,1.13242,1.13248
1365,2019-03-15 13:40:25.625645,1.13244,1.1325
1366,2019-03-15 13:40:25.755137,1.13243,1.13247
1367,2019-03-15 13:40:26.006002,1.13245,1.13249
1368,2019-03-15 13:40:26.362925,1.13247,1.13251
1369,2019-03-15 13:40:26.413755,1.13245,1.13249
1370,2019-03-15 13:40:26.509453,1.13245,1.13249
1371,2019-03-15 13:40:26.581018,1.13243,1.13247
1372,2019-03-15 13:40:26.620490,1.13241,1.13246
1373,2019-03-15 13:40:26.647332,1.13241,1.13247
1374,2019-03-15 13:40:26.657214,1.13243,1.13247
1375,2019-03-15 13:40:26.763420,1.13243,1.13249
1376,2019-03-15 13:40:26.819724,1.13244,1.1325
1377,2019-03-15 13:40:26.828872,1.13242,1.13248
1378,2019-03-15 13:40:26.839249,1.13244,1.1325
1379,2019-03-15 13:40:26.849819,1.13242,1.13248
1380,2019-03-15 13:40:27.439981,1.13244,1.1325
1381,2019-03-15 13:40:27.763794,1.13244,1.13248
1382,2019-03-15 13:40:28.205223,1.13244,1.13249
1383,2019-03-15 13:40:29.082511,1.13244,1.13248
1384,2019-03-15 13:40:29.604263,1.13245,1.13249
1385,2019-03-15 13:40:30.016451,1.13244,1.13248
1386,2019-03-15 13:40:30.214475,1.13244,1.13251
1387,2019-03-15 13:40:30.225481,1.13247,1.13251
1388,2019-03-15 13:40:30.276039,1.13245,1.13249
1389,2019-03-15 13:40:30.294906,1.13247,1.13251
1390,2019-03-15 13:40:30.378743,1.13245,1.1325
1391,2019-03-15 13:40:30.472313,1.13245,1.13249
1392,2019-03-15 13:40:30.803327,1.13245,1.13249
1393,2019-03-15 13:40:31.294987,1.13247,1.13251
1394,2019-03-15 13:40:31.725382,1.13248,1.13252
1395,2019-03-15 13:40:32.009510,1.13249,1.13253
1396,2019-03-15 13:40:33.087519,1.13248,1.13253
1397,2019-03-15 13:40:33.486046,1.13248,1.13252
1398,2019-03-15 13:40:33.600585,1.13248,1.13252
1399,2019-03-15 13:40:33.612696,1.13252,1.13256
1400,2019-03-15 13:40:34.077968,1.13252,1.13256
1401,2019-03-15 13:40:34.787158,1.13253,1.13259
1402,2019-03-15 13:40:35.369803,1.13253,1.13259
1403,2019-03-15 13:40:35.629103,1.13253,1.13259
1404,2019-03-15 13:40:36.434465,1.1325,1.13256
1405,2019-03-15 13:40:36.530718,1.13248,1.13254
1406,2019-03-15 13:40:36.676959,1.1325,1.13256
1407,2019-03-15 13:40:36.687853,1.1325,1.13258
1408,2019-03-15 13:40:36.775670,1.13251,1.13258
1409,2019-03-15 13:40:36.799625,1.13252,1.13258
1410,2019-03-15 13:40:37.026577,1.13252,1.13258
1411,2019-03-15 13:40:37.444701,1.1325,1.13256
1412,2019-03-15 13:40:37.498972,1.13248,1.13254
1413,2019-03-15 13:40:37.767842,1.13248,1.13256
1414,2019-03-15 13:40:40.300864,1.13248,1.13256
1415,2019-03-15 13:40:40.370785,1.13248,1.13256
1416,2019-03-15 13:40:41.825387,1.13245,1.13253
1417,2019-03-15 13:40:41.835716,1.13246,1.13254
1418,2019-03-15 13:40:41.845364,1.13244,1.13252
1419,2019-03-15 13:40:41.905682,1.13245,1.13253
1420,2019-03-15 13:40:42.605121,1.13244,1.13252
1421,2019-03-15 13:40:43.006782,1.13238,1.13246
1422,2019-03-15 13:40:45.008897,1.13238,1.13246
1423,2019-03-15 13:40:45.242800,1.1324,1.13248
1424,2019-03-15 13:40:45.251228,1.13238,1.13246
1425,2019-03-15 13:40:45.615003,1.13236,1.13244
1426,2019-03-15 13:40:45.624489,1.13233,1.13241
1427,2019-03-15 13:40:45.634684,1.13234,1.13242
1428,2019-03-15 13:40:45.644765,1.13233,1.13241
1429,2019-03-15 13:40:45.654725,1.13233,1.13241
1430,2019-03-15 13:40:45.673114,1.13231,1.13239
1431,2019-03-15 13:40:45.713973,1.13231,1.13239
1432,2019-03-15 13:40:45.820037,1.13229,1.13237
1433,2019-03-15 13:40:46.208819,1.13231,1.13239
1434,2019-03-15 13:40:46.291599,1.13232,1.1324
1435,2019-03-15 13:40:47.006552,1.13233,1.13241
1436,2019-03-15 13:40:49.846742,1.13232,1.1324
1437,2019-03-15 13:40:50.014844,1.13236,1.13244
1438,2019-03-15 13:40:50.806043,1.13235,1.13243
1439,2019-03-15 13:40:52.006747,1.13236,1.13244
1440,2019-03-15 13:40:52.446457,1.13235,1.13243
1441,2019-03-15 13:40:53.008585,1.13236,1.13244
1442,2019-03-15 13:40:55.921925,1.13236,1.13242
1443,2019-03-15 13:40:56.757785,1.13236,1.13244
1444,2019-03-15 13:40:58.182022,1.13237,1.13243
1445,2019-03-15 13:40:59.903333,1.13236,1.13244
1446,2019-03-15 13:41:00.669866,1.13236,1.13244
1447,2019-03-15 13:41:00.679005,1.13231,1.13239
1448,2019-03-15 13:41:00.795405,1.13233,1.13238
1449,2019-03-15 13:41:02.009497,1.13232,1.13238
1450,2019-03-15 13:41:03.011327,1.13232,1.13238
1451,2019-03-15 13:41:06.011326,1.13233,1.13239
1452,2019-03-15 13:41:06.912801,1.13234,1.1324
1453,2019-03-15 13:41:07.008614,1.13237,1.13243
1454,2019-03-15 13:41:08.252285,1.13237,1.13243
1455,2019-03-15 13:41:09.007875,1.13236,1.13242
1456,2019-03-15 13:41:10.017974,1.13237,1.13243
1457,2019-03-15 13:41:11.027327,1.13237,1.13245
1458,2019-03-15 13:41:14.009164,1.13238,1.13246
1459,2019-03-15 13:41:14.705271,1.13237,1.13245
1460,2019-03-15 13:41:14.831228,1.13235,1.13243
1461,2019-03-15 13:41:14.839460,1.13234,1.13242
1462,2019-03-15 13:41:14.849638,1.13234,1.13243
1463,2019-03-15 13:41:14.864443,1.13233,1.13241
1464,2019-03-15 13:41:15.213690,1.13234,1.13243
1465,2019-03-15 13:41:15.223831,1.13235,1.13243
1466,2019-03-15 13:41:15.236076,1.13235,1.13245
1467,2019-03-15 13:41:15.247635,1.13235,1.13243
1468,2019-03-15 13:41:15.404378,1.13235,1.13243
1469,2019-03-15 13:41:15.904965,1.13234,1.13242
1470,2019-03-15 13:41:15.985127,1.13236,1.13244
1471,2019-03-15 13:41:16.009730,1.13234,1.13242
1472,2019-03-15 13:41:17.611812,1.13233,1.13241
1473,2019-03-15 13:41:17.756862,1.13233,1.13239
1474,2019-03-15 13:41:19.845762,1.13234,1.1324
1475,2019-03-15 13:41:20.622004,1.13235,1.13241
1476,2019-03-15 13:41:20.626139,1.13233,1.13239
1477,2019-03-15 13:41:21.723615,1.13232,1.13238
1478,2019-03-15 13:41:23.839591,1.13229,1.13238
1479,2019-03-15 13:41:23.849639,1.13228,1.13234
1480,2019-03-15 13:41:23.868006,1.13229,1.13235
1481,2019-03-15 13:41:23.878635,1.13228,1.13234
1482,2019-03-15 13:41:23.885916,1.13229,1.13235
1483,2019-03-15 13:41:23.902216,1.13227,1.13233
1484,2019-03-15 13:41:24.778173,1.13228,1.13236
1485,2019-03-15 13:41:24.798921,1.1323,1.13239
1486,2019-03-15 13:41:24.821844,1.13231,1.13239
1487,2019-03-15 13:41:25.803273,1.13231,1.13239
1488,2019-03-15 13:41:26.009670,1.13232,1.1324
1489,2019-03-15 13:41:27.859622,1.13234,1.13242
1490,2019-03-15 13:41:27.870067,1.13236,1.13244
1491,2019-03-15 13:41:27.980264,1.13234,1.13242
1492,2019-03-15 13:41:27.987941,1.13236,1.13244
1493,2019-03-15 13:41:28.207325,1.13234,1.13242
1494,2019-03-15 13:41:28.841313,1.13232,1.1324
1495,2019-03-15 13:41:29.445429,1.13232,1.1324
1496,2019-03-15 13:41:29.538220,1.13234,1.13242
1497,2019-03-15 13:41:32.513471,1.13236,1.13244
1498,2019-03-15 13:41:32.702861,1.13236,1.13244
1499,2019-03-15 13:41:33.008528,1.13233,1.13241
1500,2019-03-15 13:41:35.010401,1.13237,1.13243
1501,2019-03-15 13:41:35.261570,1.13235,1.13241
1502,2019-03-15 13:41:35.306089,1.13234,1.1324
1503,2019-03-15 13:41:35.805495,1.13233,1.13239
1504,2019-03-15 13:41:36.013189,1.1323,1.13236
1505,2019-03-15 13:41:36.099873,1.13229,1.13235
1506,2019-03-15 13:41:36.677741,1.1323,1.13236
1507,2019-03-15 13:41:38.204793,1.13229,1.13235
1508,2019-03-15 13:41:38.218200,1.13231,1.13237
1509,2019-03-15 13:41:38.328195,1.13229,1.13235
1510,2019-03-15 13:41:39.479592,1.1323,1.13236
1511,2019-03-15 13:41:39.762088,1.1323,1.13235
1512,2019-03-15 13:41:40.026467,1.1323,1.13235
1513,2019-03-15 13:41:40.443164,1.1323,1.13236
1514,2019-03-15 13:41:40.769324,1.1323,1.13236
1515,2019-03-15 13:41:41.014215,1.13229,1.13236
1516,2019-03-15 13:41:41.022877,1.13229,1.13235
1517,2019-03-15 13:41:41.107657,1.13229,1.13235
1518,2019-03-15 13:41:41.207405,1.13228,1.13234
1519,2019-03-15 13:41:43.390389,1.13228,1.13234
1520,2019-03-15 13:41:43.420819,1.13227,1.13233
1521,2019-03-15 13:41:43.505666,1.13224,1.13231
1522,2019-03-15 13:41:43.544193,1.13224,1.1323
1523,2019-03-15 13:41:43.786021,1.13222,1.1323
1524,2019-03-15 13:41:45.664184,1.13221,1.13229
1525,2019-03-15 13:41:46.604752,1.13222,1.1323
1526,2019-03-15 13:41:49.176087,1.13221,1.13229
1527,2019-03-15 13:41:50.388087,1.13222,1.1323
1528,2019-03-15 13:41:50.507096,1.13221,1.13229
1529,2019-03-15 13:41:52.061170,1.13221,1.13229
1530,2019-03-15 13:41:54.069960,1.1322,1.13228
1531,2019-03-15 13:41:54.087055,1.13218,1.13228
1532,2019-03-15 13:41:54.099828,1.13219,1.13227
1533,2019-03-15 13:41:54.127649,1.13217,1.13225
1534,2019-03-15 13:41:54.406588,1.13217,1.13225
1535,2019-03-15 13:41:56.936190,1.13217,1.13225
1536,2019-03-15 13:41:57.029166,1.13217,1.13225
1537,2019-03-15 13:41:58.799329,1.13219,1.13227
1538,2019-03-15 13:41:58.809861,1.1322,1.13228
1539,2019-03-15 13:41:59.781029,1.13221,1.13229
1540,2019-03-15 13:41:59.790081,1.13219,1.13227
1541,2019-03-15 13:42:00.009464,1.13219,1.13227
1542,2019-03-15 13:42:00.029116,1.13219,1.13227
1543,2019-03-15 13:42:01.127876,1.13219,1.13227
1544,2019-03-15 13:42:06.010447,1.13218,1.13226
1545,2019-03-15 13:42:08.293443,1.13219,1.13225
1546,2019-03-15 13:42:10.015728,1.1322,1.13226
1547,2019-03-15 13:42:10.404830,1.13219,1.13225
1548,2019-03-15 13:42:10.506286,1.1322,1.13226
1549,2019-03-15 13:42:13.008973,1.13221,1.13227
1550,2019-03-15 13:42:14.006985,1.1322,1.13228
1551,2019-03-15 13:42:16.018659,1.13221,1.13227
1552,2019-03-15 13:42:17.585208,1.13224,1.1323
1553,2019-03-15 13:42:17.777651,1.13224,1.13232
1554,2019-03-15 13:42:18.006061,1.13223,1.13231
1555,2019-03-15 13:42:20.991148,1.13224,1.13232
1556,2019-03-15 13:42:21.525876,1.13225,1.13233
1557,2019-03-15 13:42:21.533816,1.13223,1.13231
1558,2019-03-15 13:42:22.009192,1.13224,1.13232
1559,2019-03-15 13:42:22.842571,1.13224,1.13232
1560,2019-03-15 13:42:27.014635,1.13221,1.13229
1561,2019-03-15 13:42:27.289698,1.13225,1.13233
1562,2019-03-15 13:42:27.293679,1.13226,1.13234
1563,2019-03-15 13:42:27.764226,1.13225,1.13232
1564,2019-03-15 13:42:29.451807,1.13227,1.13234
1565,2019-03-15 13:42:29.466611,1.13228,1.13236
1566,2019-03-15 13:42:29.474483,1.13228,1.13238
1567,2019-03-15 13:42:29.492759,1.13231,1.13238
1568,2019-03-15 13:42:29.515943,1.1323,1.1324
1569,2019-03-15 13:42:29.525971,1.13233,1.1324
1570,2019-03-15 13:42:29.538023,1.13234,1.13242
1571,2019-03-15 13:42:29.548364,1.13234,1.13243
1572,2019-03-15 13:42:29.557312,1.13234,1.13241
1573,2019-03-15 13:42:29.777520,1.13234,1.13242
1574,2019-03-15 13:42:29.786780,1.13234,1.13241
1575,2019-03-15 13:42:29.795018,1.13234,1.13242
1576,2019-03-15 13:42:29.822338,1.13233,1.1324
1577,2019-03-15 13:42:31.053899,1.13235,1.13242
1578,2019-03-15 13:42:32.005000,1.13233,1.13238
1579,2019-03-15 13:42:32.232778,1.13234,1.13239
1580,2019-03-15 13:42:32.694315,1.13232,1.13237
1581,2019-03-15 13:42:32.989614,1.13233,1.13237
1582,2019-03-15 13:42:34.095924,1.13233,1.13237
1583,2019-03-15 13:42:34.106633,1.13233,1.13237
1584,2019-03-15 13:42:35.246728,1.13232,1.13236
1585,2019-03-15 13:42:36.705427,1.13234,1.13238
1586,2019-03-15 13:42:36.969412,1.13233,1.13237
1587,2019-03-15 13:42:37.010747,1.13232,1.13235
1588,2019-03-15 13:42:37.555308,1.1323,1.13235
1589,2019-03-15 13:42:38.556249,1.13232,1.13235
1590,2019-03-15 13:42:39.757400,1.13232,1.13237
1591,2019-03-15 13:42:41.009477,1.13234,1.13241
1592,2019-03-15 13:42:42.008221,1.13233,1.1324
1593,2019-03-15 13:42:42.196160,1.13233,1.13239
1594,2019-03-15 13:42:42.208371,1.13234,1.1324
1595,2019-03-15 13:42:43.205804,1.13232,1.13241
1596,2019-03-15 13:42:44.205457,1.13234,1.1324
1597,2019-03-15 13:42:45.402572,1.13234,1.1324
1598,2019-03-15 13:42:46.560401,1.13234,1.1324
1599,2019-03-15 13:42:47.815069,1.13233,1.13237
1600,2019-03-15 13:42:48.504768,1.13232,1.13236
1601,2019-03-15 13:42:50.863754,1.13233,1.13241
1602,2019-03-15 13:42:51.506144,1.13235,1.13243
1603,2019-03-15 13:42:51.546420,1.13235,1.13243
1604,2019-03-15 13:42:51.766331,1.13234,1.1324
1605,2019-03-15 13:42:52.010472,1.13234,1.1324
1606,2019-03-15 13:42:52.406502,1.13232,1.13241
1607,2019-03-15 13:42:53.407167,1.13234,1.1324
1608,2019-03-15 13:42:57.005016,1.13233,1.13239
1609,2019-03-15 13:43:00.760354,1.13233,1.13237
1610,2019-03-15 13:43:01.008964,1.13234,1.13238
1611,2019-03-15 13:43:01.781864,1.13235,1.13241
1612,2019-03-15 13:43:03.008007,1.13235,1.13241
1613,2019-03-15 13:43:04.020022,1.13237,1.13243
1614,2019-03-15 13:43:04.308912,1.13238,1.13244
1615,2019-03-15 13:43:05.342318,1.13239,1.13246
1616,2019-03-15 13:43:05.356036,1.1324,1.13246
1617,2019-03-15 13:43:05.627206,1.13238,1.13244
1618,2019-03-15 13:43:06.007453,1.13239,1.13245
1619,2019-03-15 13:43:07.580341,1.13239,1.13245
1620,2019-03-15 13:43:07.649011,1.13239,1.13245
1621,2019-03-15 13:43:09.205424,1.13239,1.13245
1622,2019-03-15 13:43:09.305241,1.13238,1.13244
1623,2019-03-15 13:43:10.134306,1.13239,1.13245
1624,2019-03-15 13:43:10.167032,1.13239,1.13245
1625,2019-03-15 13:43:10.278724,1.13241,1.13248
1626,2019-03-15 13:43:10.287226,1.1324,1.13246
1627,2019-03-15 13:43:10.348520,1.13241,1.13248
1628,2019-03-15 13:43:10.399533,1.1324,1.13246
1629,2019-03-15 13:43:10.524881,1.13242,1.13248
1630,2019-03-15 13:43:10.761386,1.13241,1.13245
1631,2019-03-15 13:43:11.127184,1.13242,1.13246
1632,2019-03-15 13:43:11.198560,1.1324,1.13243
1633,2019-03-15 13:43:11.464475,1.1324,1.13246
1634,2019-03-15 13:43:11.476606,1.13242,1.13246
1635,2019-03-15 13:43:11.486838,1.13244,1.13247
1636,2019-03-15 13:43:11.498618,1.13242,1.13246
1637,2019-03-15 13:43:11.553726,1.13242,1.13247
1638,2019-03-15 13:43:11.584673,1.13242,1.13246
1639,2019-03-15 13:43:11.802789,1.13243,1.13246
1640,2019-03-15 13:43:13.780659,1.13241,1.13246
1641,2019-03-15 13:43:16.374552,1.13243,1.13248
1642,2019-03-15 13:43:16.438451,1.13241,1.13246
1643,2019-03-15 13:43:16.448652,1.13241,1.13249
1644,2019-03-15 13:43:16.493844,1.13243,1.13249
1645,2019-03-15 13:43:16.907192,1.13243,1.13249
1646,2019-03-15 13:43:17.004436,1.13245,1.1325
1647,2019-03-15 13:43:17.100101,1.13244,1.13249
1648,2019-03-15 13:43:18.313462,1.13244,1.13249
1649,2019-03-15 13:43:18.858520,1.13242,1.13248
1650,2019-03-15 13:43:19.937904,1.13243,1.13249
1651,2019-03-15 13:43:21.007036,1.13244,1.13249
1652,2019-03-15 13:43:21.018053,1.13246,1.13252
1653,2019-03-15 13:43:21.070017,1.13246,1.13252
1654,2019-03-15 13:43:22.252754,1.13247,1.13251
1655,2019-03-15 13:43:24.278534,1.13248,1.13252
1656,2019-03-15 13:43:25.759071,1.13245,1.13251
1657,2019-03-15 13:43:26.770782,1.13247,1.13251
1658,2019-03-15 13:43:27.304979,1.13247,1.13251
1659,2019-03-15 13:43:30.026182,1.13247,1.13251
1660,2019-03-15 13:43:30.647046,1.13247,1.13251
1661,2019-03-15 13:43:30.928651,1.13247,1.13251
1662,2019-03-15 13:43:31.010078,1.13247,1.13251
1663,2019-03-15 13:43:32.203867,1.13246,1.1325
1664,2019-03-15 13:43:33.390352,1.13243,1.13247
1665,2019-03-15 13:43:33.399432,1.13244,1.13248
1666,2019-03-15 13:43:33.408912,1.13242,1.13246
1667,2019-03-15 13:43:33.505859,1.13243,1.13247
1668,2019-03-15 13:43:34.811771,1.13244,1.1325
1669,2019-03-15 13:43:35.342372,1.13244,1.1325
1670,2019-03-15 13:43:35.412366,1.13244,1.1325
1671,2019-03-15 13:43:35.813268,1.13243,1.13247
1672,2019-03-15 13:43:38.605342,1.13244,1.13248
1673,2019-03-15 13:43:39.008657,1.13245,1.13249
1674,2019-03-15 13:43:39.598289,1.13247,1.13251
1675,2019-03-15 13:43:40.016538,1.13247,1.13251
1676,2019-03-15 13:43:40.977884,1.13247,1.13253
1677,2019-03-15 13:43:40.988773,1.13246,1.13252
1678,2019-03-15 13:43:41.004551,1.13247,1.13253
1679,2019-03-15 13:43:42.185437,1.13248,1.13252
1680,2019-03-15 13:43:43.011568,1.13247,1.13251
1681,2019-03-15 13:43:43.256617,1.13247,1.13251
1682,2019-03-15 13:43:45.420968,1.13245,1.13249
1683,2019-03-15 13:43:45.431033,1.13243,1.13247
1684,2019-03-15 13:43:45.446782,1.13245,1.13249
1685,2019-03-15 13:43:45.453669,1.13243,1.13247
1686,2019-03-15 13:43:45.463519,1.13243,1.13247
1687,2019-03-15 13:43:46.010584,1.13241,1.13245
1688,2019-03-15 13:43:47.426338,1.13243,1.13247
1689,2019-03-15 13:43:48.011561,1.13243,1.13247
1690,2019-03-15 13:43:51.008410,1.1324,1.13244
1691,2019-03-15 13:43:56.247586,1.1324,1.13244
1692,2019-03-15 13:43:56.550261,1.13242,1.13246
1693,2019-03-15 13:43:56.804099,1.13241,1.13247
1694,2019-03-15 13:43:57.168254,1.13239,1.13246
1695,2019-03-15 13:43:57.179713,1.13241,1.13247
1696,2019-03-15 13:43:59.019373,1.13241,1.13247
1697,2019-03-15 13:44:00.032454,1.13243,1.13248
1698,2019-03-15 13:44:00.039304,1.13241,1.13247
1699,2019-03-15 13:44:00.765267,1.13244,1.13248
1700,2019-03-15 13:44:00.780672,1.13244,1.13251
1701,2019-03-15 13:44:00.790344,1.13244,1.13249
1702,2019-03-15 13:44:00.801649,1.13244,1.13249
1703,2019-03-15 13:44:00.994116,1.13244,1.13248
1704,2019-03-15 13:44:01.203868,1.13244,1.13248
1705,2019-03-15 13:44:01.646161,1.13243,1.13247
1706,2019-03-15 13:44:01.656968,1.13247,1.13251
1707,2019-03-15 13:44:02.405344,1.13247,1.13251
1708,2019-03-15 13:44:02.413404,1.13247,1.13251
1709,2019-03-15 13:44:03.606455,1.13246,1.1325
1710,2019-03-15 13:44:04.784656,1.13247,1.13251
1711,2019-03-15 13:44:06.130537,1.13249,1.13253
1712,2019-03-15 13:44:06.179393,1.13251,1.13255
1713,2019-03-15 13:44:06.190179,1.13249,1.13253
1714,2019-03-15 13:44:06.245099,1.13251,1.13255
1715,2019-03-15 13:44:07.431734,1.13251,1.13255
1716,2019-03-15 13:44:07.792879,1.13249,1.13255
1717,2019-03-15 13:44:09.008418,1.13249,1.13255
1718,2019-03-15 13:44:10.011484,1.13249,1.13255
1719,2019-03-15 13:44:10.817280,1.13249,1.13255
1720,2019-03-15 13:44:12.008108,1.13248,1.13256
1721,2019-03-15 13:44:12.604966,1.13248,1.13256
1722,2019-03-15 13:44:13.009084,1.13247,1.13255
1723,2019-03-15 13:44:13.106210,1.13248,1.13256
1724,2019-03-15 13:44:13.204795,1.13247,1.13255
1725,2019-03-15 13:44:13.420127,1.13244,1.13252
1726,2019-03-15 13:44:13.507061,1.13244,1.13252
1727,2019-03-15 13:44:13.561271,1.13246,1.13254
1728,2019-03-15 13:44:13.906174,1.13247,1.13255
1729,2019-03-15 13:44:14.106687,1.13248,1.13256
1730,2019-03-15 13:44:17.007690,1.13248,1.13256
1731,2019-03-15 13:44:18.073530,1.1325,1.13258
1732,2019-03-15 13:44:18.090110,1.13252,1.1326
1733,2019-03-15 13:44:18.106528,1.13251,1.13259
1734,2019-03-15 13:44:18.205306,1.13252,1.1326
1735,2019-03-15 13:44:18.605289,1.13253,1.13261
1736,2019-03-15 13:44:19.274935,1.1325,1.13258
1737,2019-03-15 13:44:20.011249,1.13251,1.13259
1738,2019-03-15 13:44:20.128910,1.13253,1.13261
1739,2019-03-15 13:44:20.148372,1.13251,1.13259
1740,2019-03-15 13:44:20.200428,1.13253,1.13261
1741,2019-03-15 13:44:20.249500,1.13251,1.13259
1742,2019-03-15 13:44:20.595202,1.13253,1.13261
1743,2019-03-15 13:44:22.005518,1.13254,1.13262
1744,2019-03-15 13:44:22.024742,1.13254,1.13262
1745,2019-03-15 13:44:22.795190,1.13257,1.13265
1746,2019-03-15 13:44:22.805962,1.13259,1.13267
1747,2019-03-15 13:44:22.815253,1.13257,1.13265
1748,2019-03-15 13:44:22.846943,1.13258,1.13266
1749,2019-03-15 13:44:22.908783,1.13259,1.13267
1750,2019-03-15 13:44:23.104133,1.13259,1.13267
1751,2019-03-15 13:44:23.903383,1.13259,1.13267
1752,2019-03-15 13:44:24.510152,1.13256,1.13264
1753,2019-03-15 13:44:24.609556,1.13254,1.13262
1754,2019-03-15 13:44:24.907402,1.13255,1.13261
1755,2019-03-15 13:44:25.005433,1.13255,1.13261
1756,2019-03-15 13:44:25.705248,1.13256,1.13262
1757,2019-03-15 13:44:26.121320,1.13254,1.13262
1758,2019-03-15 13:44:26.195331,1.13256,1.13264
1759,2019-03-15 13:44:26.320076,1.13258,1.13266
1760,2019-03-15 13:44:26.327987,1.13256,1.13264
1761,2019-03-15 13:44:27.017812,1.13255,1.13263
1762,2019-03-15 13:44:27.959029,1.13253,1.13261
1763,2019-03-15 13:44:28.002467,1.13255,1.13263
1764,2019-03-15 13:44:29.132260,1.13256,1.13262
1765,2019-03-15 13:44:30.041035,1.13252,1.13259
1766,2019-03-15 13:44:31.010968,1.13253,1.13259
1767,2019-03-15 13:44:31.086991,1.13255,1.13261
1768,2019-03-15 13:44:31.093521,1.13253,1.1326
1769,2019-03-15 13:44:31.277280,1.13253,1.13259
1770,2019-03-15 13:44:32.012271,1.13256,1.13261
1771,2019-03-15 13:44:33.755982,1.13258,1.13261
1772,2019-03-15 13:44:33.845087,1.1326,1.13263
1773,2019-03-15 13:44:34.006562,1.13258,1.13262
1774,2019-03-15 13:44:34.064313,1.13258,1.13262
1775,2019-03-15 13:44:34.608331,1.13256,1.13261
1776,2019-03-15 13:44:34.678875,1.13256,1.1326
1777,2019-03-15 13:44:34.698567,1.13254,1.1326
1778,2019-03-15 13:44:34.708243,1.13254,1.13259
1779,2019-03-15 13:44:34.771053,1.13252,1.13259
1780,2019-03-15 13:44:35.007473,1.13253,1.13259
1781,2019-03-15 13:44:35.170846,1.13255,1.13261
1782,2019-03-15 13:44:35.697889,1.13257,1.13263
1783,2019-03-15 13:44:35.770001,1.13255,1.13263
1784,2019-03-15 13:44:36.009089,1.13255,1.13263
1785,2019-03-15 13:44:36.304004,1.13254,1.13262
1786,2019-03-15 13:44:36.844771,1.13252,1.13261
1787,2019-03-15 13:44:36.871379,1.13252,1.1326
1788,2019-03-15 13:44:37.007605,1.13251,1.13259
1789,2019-03-15 13:44:37.839732,1.13253,1.1326
1790,2019-03-15 13:44:37.866559,1.13253,1.13259
1791,2019-03-15 13:44:38.057727,1.13253,1.13259
1792,2019-03-15 13:44:38.129619,1.13253,1.13259
1793,2019-03-15 13:44:38.440270,1.13253,1.13259
1794,2019-03-15 13:44:38.504953,1.13255,1.13261
1795,2019-03-15 13:44:38.714673,1.13253,1.1326
1796,2019-03-15 13:44:38.780966,1.13253,1.13261
1797,2019-03-15 13:44:38.791504,1.13253,1.1326
1798,2019-03-15 13:44:38.802872,1.13253,1.13259
1799,2019-03-15 13:44:40.120558,1.13251,1.13259
1800,2019-03-15 13:44:40.761191,1.13253,1.13259
1801,2019-03-15 13:44:41.006993,1.13253,1.13259
1802,2019-03-15 13:44:41.549460,1.13255,1.13261
1803,2019-03-15 13:44:41.561299,1.13255,1.13266
1804,2019-03-15 13:44:41.571882,1.13257,1.13263
1805,2019-03-15 13:44:41.582909,1.1326,1.13266
1806,2019-03-15 13:44:41.593794,1.13258,1.13264
1807,2019-03-15 13:44:41.642392,1.13258,1.13267
1808,2019-03-15 13:44:41.657845,1.13258,1.13266
1809,2019-03-15 13:44:41.667936,1.13258,1.13264
1810,2019-03-15 13:44:41.721757,1.13256,1.13263
1811,2019-03-15 13:44:41.732000,1.13256,1.13262
1812,2019-03-15 13:44:41.762538,1.13256,1.13264
1813,2019-03-15 13:44:43.585451,1.13254,1.13262
1814,2019-03-15 13:44:44.008616,1.13258,1.13266
1815,2019-03-15 13:44:45.404210,1.1326,1.13268
1816,2019-03-15 13:44:45.413165,1.13258,1.13266
1817,2019-03-15 13:44:46.616478,1.13259,1.13267
1818,2019-03-15 13:44:47.277037,1.1326,1.13268
1819,2019-03-15 13:44:48.009511,1.1326,1.13268
1820,2019-03-15 13:44:48.683843,1.13262,1.1327
1821,2019-03-15 13:44:49.009459,1.13262,1.13268
1822,2019-03-15 13:44:49.060984,1.1326,1.13268
1823,2019-03-15 13:44:49.424285,1.1326,1.13266
1824,2019-03-15 13:44:50.020337,1.13259,1.13266
1825,2019-03-15 13:44:50.305355,1.13259,1.13265
1826,2019-03-15 13:44:51.009197,1.13258,1.13264
1827,2019-03-15 13:44:51.405882,1.13257,1.13263
1828,2019-03-15 13:44:52.518775,1.13258,1.13263
1829,2019-03-15 13:44:53.004877,1.13259,1.13265
1830,2019-03-15 13:44:53.022982,1.13256,1.13262
1831,2019-03-15 13:44:53.030062,1.13258,1.13264
1832,2019-03-15 13:44:53.114333,1.13259,1.13265
1833,2019-03-15 13:44:53.886817,1.13259,1.13265
1834,2019-03-15 13:44:53.897887,1.13256,1.13262
1835,2019-03-15 13:44:56.009109,1.13256,1.13262
1836,2019-03-15 13:44:56.696380,1.13253,1.13261
1837,2019-03-15 13:44:56.705777,1.13255,1.13261
1838,2019-03-15 13:44:56.717578,1.13253,1.1326
1839,2019-03-15 13:44:56.759780,1.13255,1.1326
1840,2019-03-15 13:44:56.770097,1.13255,1.13262
1841,2019-03-15 13:44:56.780236,1.13255,1.13261
1842,2019-03-15 13:44:56.794921,1.13257,1.13261
1843,2019-03-15 13:44:57.800579,1.13255,1.13261
1844,2019-03-15 13:44:58.855579,1.13258,1.13262
1845,2019-03-15 13:44:59.048649,1.13256,1.13261
1846,2019-03-15 13:44:59.118093,1.13256,1.1326
1847,2019-03-15 13:44:59.127192,1.13254,1.1326
1848,2019-03-15 13:44:59.141905,1.13254,1.13259
1849,2019-03-15 13:44:59.180445,1.13254,1.13261
1850,2019-03-15 13:44:59.188083,1.13256,1.13262
1851,2019-03-15 13:44:59.199632,1.13256,1.13261
1852,2019-03-15 13:44:59.211529,1.13256,1.13261
1853,2019-03-15 13:44:59.222353,1.13256,1.1326
1854,2019-03-15 13:44:59.243220,1.13258,1.13262
1855,2019-03-15 13:44:59.263415,1.13256,1.13261
1856,2019-03-15 13:44:59.356040,1.13256,1.1326
1857,2019-03-15 13:45:00.022315,1.13255,1.13261
1858,2019-03-15 13:45:00.169314,1.13256,1.13262
1859,2019-03-15 13:45:00.293999,1.13256,1.13262
1860,2019-03-15 13:45:00.506178,1.13256,1.13262
1861,2019-03-15 13:45:00.514320,1.13256,1.13262
1862,2019-03-15 13:45:00.707537,1.13256,1.13262
1863,2019-03-15 13:45:00.716312,1.13256,1.13262
1864,2019-03-15 13:45:00.940383,1.13257,1.13264
1865,2019-03-15 13:45:00.953974,1.13257,1.13266
1866,2019-03-15 13:45:00.963366,1.13257,1.13265
1867,2019-03-15 13:45:00.974814,1.13257,1.13266
1868,2019-03-15 13:45:00.983762,1.13257,1.13265
1869,2019-03-15 13:45:01.206505,1.13258,1.13265
1870,2019-03-15 13:45:01.487690,1.13258,1.13266
1871,2019-03-15 13:45:01.498986,1.13258,1.13266
1872,2019-03-15 13:45:01.508666,1.13261,1.13267
1873,2019-03-15 13:45:01.516958,1.1326,1.13266
1874,2019-03-15 13:45:01.577546,1.1326,1.13269
1875,2019-03-15 13:45:01.605183,1.13261,1.13269
1876,2019-03-15 13:45:01.732483,1.13261,1.13267
1877,2019-03-15 13:45:01.863340,1.13261,1.13268
1878,2019-03-15 13:45:01.915300,1.13261,1.13269
1879,2019-03-15 13:45:01.929720,1.13262,1.13269
1880,2019-03-15 13:45:01.943105,1.13261,1.13269
1881,2019-03-15 13:45:02.843527,1.13261,1.13268
1882,2019-03-15 13:45:02.966414,1.13262,1.13268
1883,2019-03-15 13:45:03.009696,1.13265,1.13271
1884,2019-03-15 13:45:03.305330,1.13266,1.13272
1885,2019-03-15 13:45:03.852883,1.13267,1.13273
1886,2019-03-15 13:45:03.860868,1.13265,1.13271
1887,2019-03-15 13:45:04.654083,1.13265,1.13271
1888,2019-03-15 13:45:07.759231,1.13267,1.13271
1889,2019-03-15 13:45:09.607986,1.13266,1.1327
1890,2019-03-15 13:45:09.649910,1.13263,1.13267
1891,2019-03-15 13:45:09.707121,1.13263,1.13267
1892,2019-03-15 13:45:10.019386,1.13263,1.13267
1893,2019-03-15 13:45:11.008811,1.1326,1.13266
1894,2019-03-15 13:45:12.722941,1.1326,1.13265
1895,2019-03-15 13:45:12.733027,1.1326,1.13264
1896,2019-03-15 13:45:12.754607,1.1326,1.13266
1897,2019-03-15 13:45:12.875444,1.13258,1.13264
1898,2019-03-15 13:45:13.019555,1.13259,1.13265
1899,2019-03-15 13:45:14.009772,1.13259,1.13265
1900,2019-03-15 13:45:14.299872,1.13258,1.13264
1901,2019-03-15 13:45:14.755779,1.13256,1.13264
1902,2019-03-15 13:45:15.744372,1.13256,1.13263
1903,2019-03-15 13:45:15.757765,1.13259,1.13263
1904,2019-03-15 13:45:18.009005,1.13258,1.13263
1905,2019-03-15 13:45:18.098493,1.13258,1.13263
1906,2019-03-15 13:45:18.108580,1.13258,1.13263
1907,2019-03-15 13:45:18.503186,1.13259,1.13263
1908,2019-03-15 13:45:19.627099,1.13259,1.13263
1909,2019-03-15 13:45:19.701613,1.13262,1.13266
1910,2019-03-15 13:45:20.848134,1.13262,1.13266
1911,2019-03-15 13:45:21.005331,1.13262,1.13266
1912,2019-03-15 13:45:21.805138,1.13263,1.13269
1913,2019-03-15 13:45:22.890255,1.13262,1.13266
1914,2019-03-15 13:45:23.171096,1.13264,1.13268
1915,2019-03-15 13:45:23.209324,1.13262,1.13266
1916,2019-03-15 13:45:23.805809,1.13263,1.13269
1917,2019-03-15 13:45:26.279978,1.13264,1.13271
1918,2019-03-15 13:45:26.290546,1.13264,1.13272
1919,2019-03-15 13:45:26.300529,1.13266,1.13272
1920,2019-03-15 13:45:26.528096,1.13264,1.1327
1921,2019-03-15 13:45:26.548277,1.13264,1.13272
1922,2019-03-15 13:45:26.556922,1.13264,1.1327
1923,2019-03-15 13:45:26.756354,1.13263,1.13267
1924,2019-03-15 13:45:27.081066,1.13263,1.13267
1925,2019-03-15 13:45:28.006979,1.13262,1.13266
1926,2019-03-15 13:45:28.671521,1.13262,1.13266
1927,2019-03-15 13:45:28.682379,1.13259,1.13263
1928,2019-03-15 13:45:29.754040,1.13258,1.13263
1929,2019-03-15 13:45:29.825393,1.13259,1.13263
1930,2019-03-15 13:45:30.268494,1.13259,1.13266
1931,2019-03-15 13:45:30.279011,1.13259,1.13265
1932,2019-03-15 13:45:30.288908,1.13259,1.13264
1933,2019-03-15 13:45:31.679154,1.13259,1.13266
1934,2019-03-15 13:45:31.731039,1.13259,1.13265
1935,2019-03-15 13:45:31.739858,1.13259,1.13266
1936,2019-03-15 13:45:31.750941,1.13259,1.13264
1937,2019-03-15 13:45:31.781577,1.13259,1.13265
1938,2019-03-15 13:45:31.801256,1.13259,1.13264
1939,2019-03-15 13:45:31.864291,1.13259,1.13265
1940,2019-03-15 13:45:31.877806,1.13259,1.13264
1941,2019-03-15 13:45:31.959263,1.13259,1.13266
1942,2019-03-15 13:45:32.015981,1.1326,1.13266
1943,2019-03-15 13:45:32.139393,1.1326,1.13265
1944,2019-03-15 13:45:32.149836,1.1326,1.13266
1945,2019-03-15 13:45:32.195396,1.1326,1.13265
1946,2019-03-15 13:45:32.205742,1.1326,1.13266
1947,2019-03-15 13:45:32.217902,1.1326,1.13265
1948,2019-03-15 13:45:32.661681,1.1326,1.13264
1949,2019-03-15 13:45:33.006478,1.13259,1.13264
1950,2019-03-15 13:45:33.416780,1.13259,1.13263
1951,2019-03-15 13:45:33.972829,1.13258,1.13262
1952,2019-03-15 13:45:34.490230,1.13256,1.13261
1953,2019-03-15 13:45:34.509365,1.13254,1.13261
1954,2019-03-15 13:45:34.516864,1.13254,1.1326
1955,2019-03-15 13:45:34.533010,1.13254,1.13259
1956,2019-03-15 13:45:34.554099,1.13254,1.13261
1957,2019-03-15 13:45:34.564240,1.13254,1.13262
1958,2019-03-15 13:45:34.574807,1.13254,1.13261
1959,2019-03-15 13:45:34.584226,1.13254,1.1326
1960,2019-03-15 13:45:34.598958,1.13254,1.13259
1961,2019-03-15 13:45:34.609532,1.13254,1.13262
1962,2019-03-15 13:45:34.618996,1.13254,1.13261
1963,2019-03-15 13:45:34.642869,1.13254,1.1326
1964,2019-03-15 13:45:34.652183,1.13256,1.13262
1965,2019-03-15 13:45:34.666490,1.13256,1.13261
1966,2019-03-15 13:45:34.714128,1.13256,1.13263
1967,2019-03-15 13:45:34.726766,1.13258,1.13263
1968,2019-03-15 13:45:34.735948,1.13258,1.13262
1969,2019-03-15 13:45:36.027474,1.13258,1.13262
1970,2019-03-15 13:45:36.207274,1.13259,1.13263
1971,2019-03-15 13:45:36.402005,1.13259,1.13266
1972,2019-03-15 13:45:36.412058,1.13259,1.13264
1973,2019-03-15 13:45:36.423040,1.13262,1.13266
1974,2019-03-15 13:45:36.433274,1.1326,1.13266
1975,2019-03-15 13:45:36.527342,1.1326,1.13267
1976,2019-03-15 13:45:36.555326,1.13261,1.13267
1977,2019-03-15 13:45:36.563608,1.13261,1.13267
1978,2019-03-15 13:45:36.573433,1.13261,1.13266
1979,2019-03-15 13:45:36.603496,1.13263,1.13267
1980,2019-03-15 13:45:36.671507,1.13261,1.13266
1981,2019-03-15 13:45:36.687144,1.13261,1.13267
1982,2019-03-15 13:45:36.697746,1.13263,1.13269
1983,2019-03-15 13:45:36.757278,1.13261,1.13269
1984,2019-03-15 13:45:36.872515,1.13261,1.13268
1985,2019-03-15 13:45:37.914137,1.13261,1.13267
1986,2019-03-15 13:45:38.007264,1.13266,1.13272
1987,2019-03-15 13:45:40.670719,1.13268,1.13274
1988,2019-03-15 13:45:40.759102,1.13266,1.13272
1989,2019-03-15 13:45:41.505112,1.13265,1.13271
1990,2019-03-15 13:45:42.010891,1.13266,1.13272
1991,2019-03-15 13:45:43.098286,1.13266,1.13272
1992,2019-03-15 13:45:44.554378,1.13266,1.13273
1993,2019-03-15 13:45:44.773336,1.13268,1.13273
1994,2019-03-15 13:45:46.000151,1.13267,1.13272
1995,2019-03-15 13:45:46.014260,1.13263,1.13268
1996,2019-03-15 13:45:47.756217,1.13264,1.13271
1997,2019-03-15 13:45:48.006184,1.13264,1.13271
1998,2019-03-15 13:45:48.704598,1.13264,1.13271
1999,2019-03-15 13:45:49.446858,1.13264,1.13271
2000,2019-03-15 13:45:49.521419,1.13267,1.13274
2001,2019-03-15 13:45:50.012937,1.13267,1.13274
2002,2019-03-15 13:45:50.830689,1.13267,1.13274
2003,2019-03-15 13:45:50.839172,1.13264,1.13271
2004,2019-03-15 13:45:51.803715,1.13264,1.13271
2005,2019-03-15 13:45:52.394659,1.13264,1.13271
2006,2019-03-15 13:45:53.008750,1.13264,1.13271
2007,2019-03-15 13:45:53.456446,1.13265,1.13272
2008,2019-03-15 13:45:54.007741,1.13264,1.13271
2009,2019-03-15 13:45:55.092361,1.13264,1.13271
2010,2019-03-15 13:45:56.619258,1.13264,1.13272
2011,2019-03-15 13:45:57.010023,1.13264,1.13272
2012,2019-03-15 13:45:57.256264,1.13266,1.13274
2013,2019-03-15 13:45:57.313429,1.13264,1.13272
2014,2019-03-15 13:45:58.012496,1.13267,1.13275
2015,2019-03-15 13:45:58.690781,1.1327,1.13278
2016,2019-03-15 13:45:58.706581,1.13272,1.1328
2017,2019-03-15 13:45:58.785782,1.13274,1.13281
2018,2019-03-15 13:45:58.798040,1.13275,1.13282
2019,2019-03-15 13:45:58.834742,1.13273,1.1328
2020,2019-03-15 13:45:59.014479,1.1327,1.13277
2021,2019-03-15 13:45:59.692815,1.13272,1.13278
2022,2019-03-15 13:45:59.762939,1.13275,1.13282
2023,2019-03-15 13:46:00.160769,1.13277,1.13284
2024,2019-03-15 13:46:00.760678,1.13276,1.13281
2025,2019-03-15 13:46:01.107534,1.13278,1.13283
2026,2019-03-15 13:46:01.117172,1.13279,1.13284
2027,2019-03-15 13:46:01.127238,1.13277,1.13282
2028,2019-03-15 13:46:01.930915,1.13279,1.13284
2029,2019-03-15 13:46:01.940297,1.13277,1.13282
2030,2019-03-15 13:46:03.004040,1.13277,1.13282
2031,2019-03-15 13:46:05.008490,1.13276,1.13281
2032,2019-03-15 13:46:05.615499,1.13273,1.13278
2033,2019-03-15 13:46:05.624403,1.13275,1.1328
2034,2019-03-15 13:46:05.634595,1.13273,1.13278
2035,2019-03-15 13:46:05.681430,1.13272,1.13277
2036,2019-03-15 13:46:05.755353,1.13268,1.13274
2037,2019-03-15 13:46:06.150509,1.13268,1.13273
2038,2019-03-15 13:46:06.509781,1.13268,1.13276
2039,2019-03-15 13:46:06.597073,1.13268,1.13275
2040,2019-03-15 13:46:06.610352,1.13268,1.13273
2041,2019-03-15 13:46:06.767841,1.13265,1.13274
2042,2019-03-15 13:46:06.828187,1.13265,1.13273
2043,2019-03-15 13:46:06.909267,1.13265,1.13274
2044,2019-03-15 13:46:07.065096,1.13265,1.13273
2045,2019-03-15 13:46:07.628761,1.13265,1.13273
2046,2019-03-15 13:46:07.641008,1.13266,1.13273
2047,2019-03-15 13:46:07.756401,1.13268,1.13273
2048,2019-03-15 13:46:09.008092,1.13268,1.13273
2049,2019-03-15 13:46:09.135468,1.13266,1.13272
2050,2019-03-15 13:46:09.146318,1.13264,1.1327
2051,2019-03-15 13:46:09.238770,1.13264,1.13269
2052,2019-03-15 13:46:09.301224,1.13262,1.13269
2053,2019-03-15 13:46:09.757344,1.13262,1.13269
2054,2019-03-15 13:46:10.861386,1.1326,1.13268
2055,2019-03-15 13:46:10.873172,1.13258,1.13268
2056,2019-03-15 13:46:10.883506,1.13259,1.13267
2057,2019-03-15 13:46:10.893719,1.13259,1.13266
2058,2019-03-15 13:46:10.963474,1.13257,1.13266
2059,2019-03-15 13:46:10.973439,1.13257,1.13265
2060,2019-03-15 13:46:11.008357,1.13257,1.13264
2061,2019-03-15 13:46:11.266592,1.13257,1.13264
2062,2019-03-15 13:46:12.683270,1.13258,1.13266
2063,2019-03-15 13:46:12.836571,1.1326,1.13267
2064,2019-03-15 13:46:12.881146,1.13262,1.13269
2065,2019-03-15 13:46:12.914145,1.13265,1.13272
2066,2019-03-15 13:46:12.933464,1.13266,1.13273
2067,2019-03-15 13:46:13.063016,1.13266,1.13273
2068,2019-03-15 13:46:13.172196,1.13268,1.13275
2069,2019-03-15 13:46:13.209171,1.13266,1.13273
2070,2019-03-15 13:46:13.758287,1.13268,1.13273
2071,2019-03-15 13:46:14.008587,1.13267,1.13272
2072,2019-03-15 13:46:14.406113,1.13268,1.13273
2073,2019-03-15 13:46:15.008524,1.13272,1.13277
2074,2019-03-15 13:46:16.136438,1.13271,1.13276
2075,2019-03-15 13:46:16.756211,1.13272,1.13279
2076,2019-03-15 13:46:17.007712,1.13268,1.13275
2077,2019-03-15 13:46:17.760252,1.13268,1.13273
2078,2019-03-15 13:46:18.012310,1.13268,1.13274
2079,2019-03-15 13:46:18.077277,1.13268,1.13273
2080,2019-03-15 13:46:19.426060,1.13268,1.13276
2081,2019-03-15 13:46:19.437684,1.1327,1.13275
2082,2019-03-15 13:46:19.504806,1.13269,1.13274
2083,2019-03-15 13:46:19.763779,1.13267,1.13275
2084,2019-03-15 13:46:20.019486,1.13267,1.13275
2085,2019-03-15 13:46:20.776545,1.13269,1.13275
2086,2019-03-15 13:46:22.105451,1.13268,1.13275
2087,2019-03-15 13:46:22.206410,1.13268,1.13274
2088,2019-03-15 13:46:22.214965,1.13268,1.13273
2089,2019-03-15 13:46:24.042046,1.13268,1.13273
2090,2019-03-15 13:46:24.759302,1.13268,1.13275
2091,2019-03-15 13:46:24.849963,1.13271,1.13278
2092,2019-03-15 13:46:24.867914,1.13272,1.13279
2093,2019-03-15 13:46:24.877793,1.1327,1.13277
2094,2019-03-15 13:46:24.977112,1.13272,1.13279
2095,2019-03-15 13:46:25.009962,1.13271,1.13278
2096,2019-03-15 13:46:25.031841,1.13269,1.13276
2097,2019-03-15 13:46:25.358548,1.1327,1.13277
2098,2019-03-15 13:46:25.368114,1.13268,1.13275
2099,2019-03-15 13:46:25.773863,1.13268,1.13273
2100,2019-03-15 13:46:26.621719,1.13268,1.13276
2101,2019-03-15 13:46:26.629401,1.13268,1.13274
2102,2019-03-15 13:46:26.642463,1.13269,1.13274
2103,2019-03-15 13:46:26.653154,1.13271,1.13276
2104,2019-03-15 13:46:26.806665,1.13269,1.13274
2105,2019-03-15 13:46:27.760512,1.13267,1.13274
2106,2019-03-15 13:46:28.583757,1.13265,1.13273
2107,2019-03-15 13:46:28.765917,1.13268,1.13273
2108,2019-03-15 13:46:29.015000,1.13268,1.13273
2109,2019-03-15 13:46:29.281416,1.13269,1.13274
2110,2019-03-15 13:46:29.513751,1.13267,1.13273
2111,2019-03-15 13:46:29.523885,1.13267,1.13272
2112,2019-03-15 13:46:30.015672,1.13267,1.13272
2113,2019-03-15 13:46:31.990194,1.13265,1.13271
2114,2019-03-15 13:46:31.999456,1.13265,1.1327
2115,2019-03-15 13:46:32.015221,1.13263,1.1327
