,AdapterTime,BidPx,AskPx
0,2019-03-15 13:30:00.016821,1.13135,1.13141
1,2019-03-15 13:30:00.041046,1.13135,1.13141
2,2019-03-15 13:30:00.041428,1.13136,1.13141
3,2019-03-15 13:30:00.049741,1.13136,1.13141
4,2019-03-15 13:30:00.050083,1.13137,1.13141
5,2019-03-15 13:30:00.050617,1.13137,1.13141
6,2019-03-15 13:30:00.053141,1.13139,1.13141
7,2019-03-15 13:30:00.053537,1.13139,1.13142
8,2019-03-15 13:30:00.054003,1.13139,1.13142
9,2019-03-15 13:30:00.055228,1.13137,1.13142
10,2019-03-15 13:30:00.055699,1.13138,1.13143
11,2019-03-15 13:30:00.057996,1.13138,1.13143
12,2019-03-15 13:30:00.062549,1.13138,1.13142
13,2019-03-15 13:30:00.064770,1.13137,1.13142
14,2019-03-15 13:30:00.065353,1.13137,1.13142
15,2019-03-15 13:30:00.068110,1.13137,1.13142
16,2019-03-15 13:30:00.069276,1.13137,1.13142
17,2019-03-15 13:30:00.076416,1.13137,1.13142
18,2019-03-15 13:30:00.077879,1.13137,1.13142
19,2019-03-15 13:30:00.083229,1.13137,1.13142
20,2019-03-15 13:30:00.086661,1.13137,1.13142
21,2019-03-15 13:30:00.088149,1.13137,1.13142
22,2019-03-15 13:30:00.088646,1.13137,1.13143
23,2019-03-15 13:30:00.105011,1.13137,1.13143
24,2019-03-15 13:30:00.105511,1.13137,1.13143
25,2019-03-15 13:30:00.105777,1.13137,1.13143
26,2019-03-15 13:30:00.106200,1.13137,1.13143
27,2019-03-15 13:30:00.106702,1.13137,1.13143
28,2019-03-15 13:30:00.107026,1.13138,1.13143
29,2019-03-15 13:30:00.107326,1.13138,1.13143
30,2019-03-15 13:30:00.109344,1.13138,1.13143
31,2019-03-15 13:30:00.113613,1.13138,1.13142
32,2019-03-15 13:30:00.113952,1.13138,1.13142
33,2019-03-15 13:30:00.114882,1.13137,1.13142
34,2019-03-15 13:30:00.115808,1.13137,1.13142
35,2019-03-15 13:30:00.116359,1.13137,1.13142
36,2019-03-15 13:30:00.117318,1.13137,1.13142
37,2019-03-15 13:30:00.118254,1.13136,1.13142
38,2019-03-15 13:30:00.119715,1.13136,1.13142
39,2019-03-15 13:30:00.122034,1.13136,1.13142
40,2019-03-15 13:30:00.124849,1.13136,1.13142
41,2019-03-15 13:30:00.127056,1.13136,1.13142
42,2019-03-15 13:30:00.129751,1.13136,1.13142
43,2019-03-15 13:30:00.132925,1.13136,1.13142
44,2019-03-15 13:30:00.140485,1.13136,1.13142
45,2019-03-15 13:30:00.140981,1.13136,1.13143
46,2019-03-15 13:30:00.148393,1.13136,1.13143
47,2019-03-15 13:30:00.151295,1.13136,1.13143
48,2019-03-15 13:30:00.156778,1.13136,1.13143
49,2019-03-15 13:30:00.157512,1.13136,1.13143
50,2019-03-15 13:30:00.157982,1.13136,1.13143
51,2019-03-15 13:30:00.159922,1.13137,1.13143
52,2019-03-15 13:30:00.160731,1.13137,1.13143
53,2019-03-15 13:30:00.164173,1.13137,1.13143
54,2019-03-15 13:30:00.165750,1.13137,1.13143
55,2019-03-15 13:30:00.167446,1.13137,1.13143
56,2019-03-15 13:30:00.173728,1.13137,1.13143
57,2019-03-15 13:30:00.174206,1.13141,1.13143
58,2019-03-15 13:30:00.174619,1.13137,1.13143
59,2019-03-15 13:30:00.175178,1.13137,1.13143
60,2019-03-15 13:30:00.175653,1.13137,1.13143
61,2019-03-15 13:30:00.178059,1.13137,1.13143
62,2019-03-15 13:30:00.178317,1.13137,1.13143
63,2019-03-15 13:30:00.179797,1.13137,1.13143
64,2019-03-15 13:30:00.181918,1.13137,1.13143
65,2019-03-15 13:30:00.182281,1.13137,1.13143
66,2019-03-15 13:30:00.182953,1.13137,1.13142
67,2019-03-15 13:30:00.183421,1.13137,1.13142
68,2019-03-15 13:30:00.184612,1.13137,1.13142
69,2019-03-15 13:30:00.185067,1.13137,1.13142
70,2019-03-15 13:30:00.185377,1.13137,1.13142
71,2019-03-15 13:30:00.190222,1.13137,1.13142
72,2019-03-15 13:30:00.195590,1.13137,1.13142
73,2019-03-15 13:30:00.199364,1.13137,1.13142
74,2019-03-15 13:30:00.213390,1.13137,1.13142
75,2019-03-15 13:30:00.227997,1.13137,1.13142
76,2019-03-15 13:30:00.230427,1.13137,1.13142
77,2019-03-15 13:30:00.231024,1.13137,1.13142
78,2019-03-15 13:30:00.241157,1.13137,1.13142
79,2019-03-15 13:30:00.242675,1.13137,1.13143
80,2019-03-15 13:30:00.243025,1.13137,1.13143
81,2019-03-15 13:30:00.243401,1.13137,1.13143
82,2019-03-15 13:30:00.244588,1.13137,1.13143
83,2019-03-15 13:30:00.245116,1.13137,1.13143
84,2019-03-15 13:30:00.270608,1.13137,1.13142
85,2019-03-15 13:30:00.295727,1.13137,1.13142
86,2019-03-15 13:30:00.320976,1.13137,1.13142
87,2019-03-15 13:30:00.356300,1.13138,1.13144
88,2019-03-15 13:30:00.381642,1.13138,1.13143
89,2019-03-15 13:30:00.407022,1.13138,1.13144
90,2019-03-15 13:30:00.432270,1.13138,1.13144
91,2019-03-15 13:30:00.457386,1.13138,1.13144
92,2019-03-15 13:30:00.482694,1.13138,1.13144
93,2019-03-15 13:30:00.508133,1.13138,1.13141
94,2019-03-15 13:30:00.533402,1.13138,1.13143
95,2019-03-15 13:30:00.558445,1.13138,1.13144
96,2019-03-15 13:30:00.583713,1.13138,1.13144
97,2019-03-15 13:30:00.664555,1.13138,1.13144
98,2019-03-15 13:30:00.689817,1.13138,1.13143
99,2019-03-15 13:30:00.780791,1.13138,1.13143
100,2019-03-15 13:30:00.805972,1.13138,1.13143
101,2019-03-15 13:30:00.967316,1.13138,1.13143
102,2019-03-15 13:30:00.992646,1.13139,1.13143
103,2019-03-15 13:30:01.017951,1.13139,1.13143
104,2019-03-15 13:30:01.043133,1.13139,1.13144
105,2019-03-15 13:30:01.068370,1.13138,1.13143
106,2019-03-15 13:30:01.134042,1.13137,1.13143
107,2019-03-15 13:30:01.159387,1.13138,1.13143
108,2019-03-15 13:30:01.190091,1.13139,1.13143
109,2019-03-15 13:30:01.225149,1.13138,1.13143
110,2019-03-15 13:30:01.270674,1.13139,1.13143
111,2019-03-15 13:30:01.296043,1.13141,1.13143
112,2019-03-15 13:30:01.321282,1.13141,1.13145
113,2019-03-15 13:30:01.346563,1.13141,1.13145
114,2019-03-15 13:30:01.371876,1.13141,1.13145
115,2019-03-15 13:30:01.397097,1.13141,1.13146
116,2019-03-15 13:30:01.548455,1.13141,1.13146
117,2019-03-15 13:30:01.593901,1.13141,1.13146
118,2019-03-15 13:30:01.780805,1.13141,1.13146
119,2019-03-15 13:30:02.023012,1.13141,1.13146
120,2019-03-15 13:30:02.023670,1.13141,1.13146
121,2019-03-15 13:30:02.071308,1.13141,1.13146
122,2019-03-15 13:30:02.075255,1.13141,1.13146
123,2019-03-15 13:30:02.076187,1.13141,1.13146
124,2019-03-15 13:30:02.076554,1.13141,1.13146
125,2019-03-15 13:30:02.077122,1.13141,1.13146
126,2019-03-15 13:30:02.138018,1.13141,1.13146
127,2019-03-15 13:30:02.138286,1.13141,1.13146
128,2019-03-15 13:30:02.175830,1.13141,1.13146
129,2019-03-15 13:30:02.221628,1.13141,1.13146
130,2019-03-15 13:30:02.476235,1.13141,1.13146
131,2019-03-15 13:30:02.500357,1.13141,1.13146
132,2019-03-15 13:30:02.500866,1.13141,1.13147
133,2019-03-15 13:30:02.593449,1.13141,1.13147
134,2019-03-15 13:30:02.618257,1.13141,1.13147
135,2019-03-15 13:30:02.618725,1.13141,1.13147
136,2019-03-15 13:30:02.635244,1.13141,1.13147
137,2019-03-15 13:30:02.654128,1.13141,1.13147
138,2019-03-15 13:30:02.654440,1.13141,1.13147
139,2019-03-15 13:30:02.753436,1.13141,1.13147
140,2019-03-15 13:30:02.909357,1.13141,1.13147
141,2019-03-15 13:30:02.960076,1.13141,1.13146
142,2019-03-15 13:30:02.978349,1.13141,1.13146
143,2019-03-15 13:30:03.071116,1.13141,1.13147
144,2019-03-15 13:30:03.076727,1.13141,1.13147
145,2019-03-15 13:30:03.116937,1.13141,1.13147
146,2019-03-15 13:30:03.136458,1.13141,1.13147
147,2019-03-15 13:30:03.144138,1.13141,1.13147
148,2019-03-15 13:30:03.146612,1.13141,1.13147
149,2019-03-15 13:30:03.150354,1.13141,1.13147
150,2019-03-15 13:30:03.151482,1.13141,1.13147
151,2019-03-15 13:30:03.637207,1.13141,1.13147
152,2019-03-15 13:30:04.022388,1.13141,1.13147
153,2019-03-15 13:30:04.022731,1.13141,1.13147
154,2019-03-15 13:30:04.137076,1.13141,1.13147
155,2019-03-15 13:30:04.273748,1.13141,1.13147
156,2019-03-15 13:30:04.274056,1.13141,1.13147
157,2019-03-15 13:30:04.327056,1.13141,1.13147
158,2019-03-15 13:30:04.383051,1.13141,1.13147
159,2019-03-15 13:30:04.419522,1.13141,1.13147
160,2019-03-15 13:30:04.449084,1.13141,1.13147
161,2019-03-15 13:30:04.552900,1.13141,1.13147
162,2019-03-15 13:30:04.553409,1.13141,1.13147
163,2019-03-15 13:30:04.585143,1.13141,1.13147
164,2019-03-15 13:30:04.585574,1.13141,1.13147
165,2019-03-15 13:30:04.627242,1.13141,1.13147
166,2019-03-15 13:30:04.627771,1.13141,1.13147
167,2019-03-15 13:30:04.637232,1.13141,1.13147
168,2019-03-15 13:30:04.675164,1.13141,1.13147
169,2019-03-15 13:30:04.675438,1.13141,1.13147
170,2019-03-15 13:30:04.744152,1.13141,1.13146
171,2019-03-15 13:30:04.773596,1.13141,1.13146
172,2019-03-15 13:30:04.783569,1.13141,1.13147
173,2019-03-15 13:30:04.783858,1.13141,1.13147
174,2019-03-15 13:30:04.784265,1.13141,1.13147
175,2019-03-15 13:30:04.784871,1.13141,1.13147
176,2019-03-15 13:30:04.791841,1.13141,1.13147
177,2019-03-15 13:30:04.801120,1.13141,1.13147
178,2019-03-15 13:30:04.805383,1.13141,1.13147
179,2019-03-15 13:30:04.805820,1.13141,1.13147
180,2019-03-15 13:30:04.809133,1.13141,1.13146
181,2019-03-15 13:30:04.809710,1.13141,1.13146
182,2019-03-15 13:30:04.826173,1.13141,1.13146
183,2019-03-15 13:30:05.142557,1.13141,1.13146
184,2019-03-15 13:30:05.181673,1.13141,1.13146
185,2019-03-15 13:30:05.185491,1.13141,1.13146
186,2019-03-15 13:30:05.240431,1.13141,1.13146
187,2019-03-15 13:30:05.240857,1.13141,1.13146
188,2019-03-15 13:30:05.265977,1.13141,1.13146
189,2019-03-15 13:30:05.411181,1.13141,1.13146
190,2019-03-15 13:30:05.559144,1.13141,1.13146
191,2019-03-15 13:30:05.607884,1.13141,1.13146
192,2019-03-15 13:30:05.610255,1.13141,1.13146
193,2019-03-15 13:30:05.673137,1.13141,1.13146
194,2019-03-15 13:30:05.673669,1.13141,1.13146
195,2019-03-15 13:30:05.706386,1.13141,1.13146
196,2019-03-15 13:30:05.725454,1.13141,1.13146
197,2019-03-15 13:30:05.725740,1.13141,1.13147
198,2019-03-15 13:30:05.726075,1.13141,1.13147
199,2019-03-15 13:30:05.777811,1.13141,1.13146
200,2019-03-15 13:30:05.778577,1.13141,1.13146
201,2019-03-15 13:30:05.816290,1.13141,1.13146
202,2019-03-15 13:30:05.832219,1.13141,1.13146
203,2019-03-15 13:30:05.886717,1.13141,1.13146
204,2019-03-15 13:30:05.892963,1.13141,1.13146
205,2019-03-15 13:30:05.930750,1.13141,1.13146
206,2019-03-15 13:30:05.944127,1.13141,1.13146
207,2019-03-15 13:30:06.331374,1.13141,1.13146
208,2019-03-15 13:30:06.355226,1.13141,1.13146
209,2019-03-15 13:30:06.404595,1.13141,1.13146
210,2019-03-15 13:30:06.407952,1.13141,1.13146
211,2019-03-15 13:30:06.420980,1.13141,1.13146
212,2019-03-15 13:30:06.444062,1.13141,1.13146
213,2019-03-15 13:30:07.154945,1.13141,1.13146
214,2019-03-15 13:30:07.198690,1.1314,1.13146
215,2019-03-15 13:30:07.198996,1.13139,1.13146
216,2019-03-15 13:30:07.200176,1.13138,1.13146
217,2019-03-15 13:30:07.200732,1.13139,1.13146
218,2019-03-15 13:30:07.201288,1.13139,1.13146
219,2019-03-15 13:30:07.201618,1.13139,1.13146
220,2019-03-15 13:30:07.207377,1.13139,1.13146
221,2019-03-15 13:30:07.207693,1.13139,1.13146
222,2019-03-15 13:30:07.208388,1.13139,1.13146
223,2019-03-15 13:30:07.208903,1.13139,1.13145
224,2019-03-15 13:30:07.209457,1.13139,1.13145
225,2019-03-15 13:30:07.209778,1.13139,1.13145
226,2019-03-15 13:30:07.210642,1.13139,1.13145
227,2019-03-15 13:30:07.210953,1.13139,1.13145
228,2019-03-15 13:30:07.211619,1.13139,1.13145
229,2019-03-15 13:30:07.212096,1.13138,1.13145
230,2019-03-15 13:30:07.212728,1.13138,1.13145
231,2019-03-15 13:30:07.213471,1.13136,1.13145
232,2019-03-15 13:30:07.214499,1.13137,1.13145
233,2019-03-15 13:30:07.214838,1.13141,1.13145
234,2019-03-15 13:30:07.215626,1.13141,1.13145
235,2019-03-15 13:30:07.216756,1.13141,1.13145
236,2019-03-15 13:30:07.217973,1.13141,1.13145
237,2019-03-15 13:30:07.219821,1.13141,1.13145
238,2019-03-15 13:30:07.223342,1.13141,1.13145
239,2019-03-15 13:30:07.223689,1.13141,1.13145
240,2019-03-15 13:30:07.224164,1.13137,1.13145
241,2019-03-15 13:30:07.224606,1.13137,1.13145
242,2019-03-15 13:30:07.224960,1.13137,1.13145
243,2019-03-15 13:30:07.225313,1.13138,1.13145
244,2019-03-15 13:30:07.226944,1.13138,1.13145
245,2019-03-15 13:30:07.227249,1.13138,1.13145
246,2019-03-15 13:30:07.227514,1.13138,1.13146
247,2019-03-15 13:30:07.227832,1.13138,1.13146
248,2019-03-15 13:30:07.228137,1.13138,1.13146
249,2019-03-15 13:30:07.228492,1.13138,1.13146
250,2019-03-15 13:30:07.231235,1.13137,1.13146
251,2019-03-15 13:30:07.235299,1.13137,1.13146
252,2019-03-15 13:30:07.246400,1.13137,1.13146
253,2019-03-15 13:30:07.246827,1.13137,1.13146
254,2019-03-15 13:30:07.251678,1.13137,1.13146
255,2019-03-15 13:30:07.252009,1.13137,1.13146
256,2019-03-15 13:30:07.252465,1.13137,1.13146
257,2019-03-15 13:30:07.270419,1.13137,1.13146
258,2019-03-15 13:30:07.270830,1.13136,1.13146
259,2019-03-15 13:30:07.278963,1.13134,1.13146
260,2019-03-15 13:30:07.279747,1.13134,1.13146
261,2019-03-15 13:30:07.281143,1.13137,1.13146
262,2019-03-15 13:30:07.283039,1.13138,1.13146
263,2019-03-15 13:30:07.283290,1.13138,1.13146
264,2019-03-15 13:30:07.283658,1.13138,1.13146
265,2019-03-15 13:30:07.283976,1.13138,1.13145
266,2019-03-15 13:30:07.284508,1.13138,1.13145
267,2019-03-15 13:30:07.289003,1.13138,1.13145
268,2019-03-15 13:30:07.290362,1.13133,1.13145
269,2019-03-15 13:30:07.290832,1.13133,1.13146
270,2019-03-15 13:30:07.294808,1.13133,1.13145
271,2019-03-15 13:30:07.295209,1.13141,1.13145
272,2019-03-15 13:30:07.325328,1.13141,1.13145
273,2019-03-15 13:30:07.325918,1.13141,1.13145
274,2019-03-15 13:30:07.341429,1.13141,1.13145
275,2019-03-15 13:30:07.342015,1.13141,1.13145
276,2019-03-15 13:30:07.342737,1.13141,1.13145
277,2019-03-15 13:30:07.343322,1.13141,1.13145
278,2019-03-15 13:30:07.344124,1.13141,1.13145
279,2019-03-15 13:30:07.344482,1.13141,1.13145
280,2019-03-15 13:30:07.349955,1.13141,1.13145
281,2019-03-15 13:30:07.354591,1.13141,1.13145
282,2019-03-15 13:30:07.358963,1.13141,1.13145
283,2019-03-15 13:30:07.360141,1.13141,1.13145
284,2019-03-15 13:30:07.364341,1.13137,1.13145
285,2019-03-15 13:30:07.364924,1.13137,1.13145
286,2019-03-15 13:30:07.365178,1.13137,1.13145
287,2019-03-15 13:30:07.366129,1.13141,1.13145
288,2019-03-15 13:30:07.366516,1.13141,1.13145
289,2019-03-15 13:30:07.366916,1.13141,1.13144
290,2019-03-15 13:30:07.367087,1.13138,1.13144
291,2019-03-15 13:30:07.367533,1.13138,1.13144
292,2019-03-15 13:30:07.367821,1.13141,1.13144
293,2019-03-15 13:30:07.368104,1.13138,1.13144
294,2019-03-15 13:30:07.368367,1.13138,1.13144
295,2019-03-15 13:30:07.369186,1.13138,1.13144
296,2019-03-15 13:30:07.370114,1.13138,1.13144
297,2019-03-15 13:30:07.370396,1.13137,1.13144
298,2019-03-15 13:30:07.370773,1.13138,1.13144
299,2019-03-15 13:30:07.371065,1.13138,1.13144
300,2019-03-15 13:30:07.371428,1.13138,1.13144
301,2019-03-15 13:30:07.371824,1.13138,1.13144
302,2019-03-15 13:30:07.372817,1.13137,1.13144
303,2019-03-15 13:30:07.377843,1.13137,1.13144
304,2019-03-15 13:30:07.382068,1.13137,1.13144
305,2019-03-15 13:30:07.382534,1.13137,1.13144
306,2019-03-15 13:30:07.397127,1.13137,1.13144
307,2019-03-15 13:30:07.399145,1.13137,1.13143
308,2019-03-15 13:30:07.399420,1.13137,1.13143
309,2019-03-15 13:30:07.445425,1.13137,1.13143
310,2019-03-15 13:30:07.451982,1.13137,1.13143
311,2019-03-15 13:30:07.452563,1.13137,1.13143
312,2019-03-15 13:30:07.464084,1.13137,1.13143
313,2019-03-15 13:30:07.511223,1.13137,1.13143
314,2019-03-15 13:30:07.515917,1.13137,1.13142
315,2019-03-15 13:30:07.517766,1.13137,1.13142
316,2019-03-15 13:30:07.518019,1.13137,1.13142
317,2019-03-15 13:30:07.518969,1.13136,1.13142
318,2019-03-15 13:30:07.519860,1.13136,1.13142
319,2019-03-15 13:30:07.520167,1.13135,1.13142
320,2019-03-15 13:30:07.520962,1.13136,1.13142
321,2019-03-15 13:30:07.521413,1.13135,1.13142
322,2019-03-15 13:30:07.521740,1.13135,1.13142
323,2019-03-15 13:30:07.523362,1.13135,1.13142
324,2019-03-15 13:30:07.529550,1.13135,1.13142
325,2019-03-15 13:30:07.530109,1.13135,1.13142
326,2019-03-15 13:30:07.530368,1.13135,1.13142
327,2019-03-15 13:30:07.530775,1.13134,1.13142
328,2019-03-15 13:30:07.531100,1.13134,1.13142
329,2019-03-15 13:30:07.555304,1.13134,1.13142
330,2019-03-15 13:30:07.555747,1.13134,1.13142
331,2019-03-15 13:30:07.586175,1.13134,1.13142
332,2019-03-15 13:30:07.588315,1.13134,1.13142
333,2019-03-15 13:30:07.622340,1.13135,1.13142
334,2019-03-15 13:30:07.624331,1.13134,1.13142
335,2019-03-15 13:30:07.624583,1.13134,1.13142
336,2019-03-15 13:30:07.626453,1.13135,1.13141
337,2019-03-15 13:30:07.645364,1.13135,1.13141
338,2019-03-15 13:30:07.666575,1.13135,1.13141
339,2019-03-15 13:30:07.693298,1.13135,1.13141
340,2019-03-15 13:30:07.700047,1.13135,1.13141
341,2019-03-15 13:30:08.045945,1.13135,1.13142
342,2019-03-15 13:30:08.162438,1.13135,1.13142
343,2019-03-15 13:30:08.232113,1.13135,1.13142
344,2019-03-15 13:30:08.556989,1.13135,1.13142
345,2019-03-15 13:30:08.613213,1.13135,1.13142
346,2019-03-15 13:30:08.613595,1.13135,1.13142
347,2019-03-15 13:30:08.631227,1.13135,1.13142
348,2019-03-15 13:30:08.677777,1.13135,1.13142
349,2019-03-15 13:30:08.678207,1.13136,1.13142
350,2019-03-15 13:30:08.679418,1.13136,1.13142
351,2019-03-15 13:30:08.710877,1.13136,1.13142
352,2019-03-15 13:30:08.711227,1.13136,1.13143
353,2019-03-15 13:30:08.712123,1.13136,1.13143
354,2019-03-15 13:30:08.712905,1.13136,1.13143
355,2019-03-15 13:30:08.713226,1.13136,1.13143
356,2019-03-15 13:30:08.713475,1.13136,1.13143
357,2019-03-15 13:30:08.715568,1.13136,1.13143
358,2019-03-15 13:30:08.737140,1.13136,1.13143
359,2019-03-15 13:30:08.737602,1.13137,1.13143
360,2019-03-15 13:30:08.737978,1.13137,1.13144
361,2019-03-15 13:30:08.749071,1.13137,1.13142
362,2019-03-15 13:30:08.749653,1.13137,1.13142
363,2019-03-15 13:30:08.756949,1.13136,1.13142
364,2019-03-15 13:30:08.757462,1.13136,1.13142
365,2019-03-15 13:30:08.807973,1.13136,1.13141
366,2019-03-15 13:30:08.845079,1.13136,1.13141
367,2019-03-15 13:30:08.936366,1.13136,1.13142
368,2019-03-15 13:30:09.048321,1.13136,1.13142
369,2019-03-15 13:30:09.048707,1.13137,1.13142
370,2019-03-15 13:30:09.077030,1.13136,1.13142
371,2019-03-15 13:30:09.077501,1.13136,1.13142
372,2019-03-15 13:30:09.212513,1.13136,1.13143
373,2019-03-15 13:30:09.218572,1.13136,1.13143
374,2019-03-15 13:30:09.219166,1.13136,1.13143
375,2019-03-15 13:30:09.293211,1.13136,1.13144
376,2019-03-15 13:30:09.293776,1.13136,1.13144
377,2019-03-15 13:30:09.294079,1.13136,1.13142
378,2019-03-15 13:30:09.294434,1.13136,1.13142
379,2019-03-15 13:30:09.304252,1.13136,1.13142
380,2019-03-15 13:30:09.305026,1.13136,1.13143
381,2019-03-15 13:30:09.305506,1.13136,1.13143
382,2019-03-15 13:30:09.385360,1.13136,1.13143
383,2019-03-15 13:30:09.385643,1.13136,1.13143
384,2019-03-15 13:30:09.385955,1.13136,1.13143
385,2019-03-15 13:30:09.387491,1.13137,1.13143
386,2019-03-15 13:30:09.388002,1.13137,1.13143
387,2019-03-15 13:30:09.388777,1.13137,1.13143
388,2019-03-15 13:30:09.389217,1.13137,1.13144
389,2019-03-15 13:30:09.389617,1.13137,1.13144
390,2019-03-15 13:30:09.389880,1.13137,1.13143
391,2019-03-15 13:30:09.390193,1.13137,1.13143
392,2019-03-15 13:30:09.393408,1.13137,1.13143
393,2019-03-15 13:30:09.394089,1.13137,1.13144
394,2019-03-15 13:30:09.394610,1.13137,1.13144
395,2019-03-15 13:30:09.405004,1.13137,1.13144
396,2019-03-15 13:30:09.405931,1.13137,1.13144
397,2019-03-15 13:30:09.406330,1.13137,1.13144
398,2019-03-15 13:30:09.406685,1.13138,1.13144
399,2019-03-15 13:30:09.407506,1.13138,1.13144
400,2019-03-15 13:30:09.409341,1.13138,1.13144
401,2019-03-15 13:30:09.410632,1.13138,1.13144
402,2019-03-15 13:30:09.410910,1.13138,1.13144
403,2019-03-15 13:30:09.411833,1.13138,1.13144
404,2019-03-15 13:30:09.412318,1.13138,1.13144
405,2019-03-15 13:30:09.412862,1.13138,1.13144
406,2019-03-15 13:30:09.413351,1.13138,1.13144
407,2019-03-15 13:30:09.414855,1.13138,1.13144
408,2019-03-15 13:30:09.417815,1.13138,1.13144
409,2019-03-15 13:30:09.418082,1.13138,1.13144
410,2019-03-15 13:30:09.423839,1.13138,1.13144
411,2019-03-15 13:30:09.424227,1.13138,1.13145
412,2019-03-15 13:30:09.424679,1.13138,1.13145
413,2019-03-15 13:30:09.425006,1.13138,1.13145
414,2019-03-15 13:30:09.456864,1.13138,1.13145
415,2019-03-15 13:30:09.457169,1.13139,1.13145
416,2019-03-15 13:30:09.460658,1.13139,1.13145
417,2019-03-15 13:30:09.467268,1.13138,1.13145
418,2019-03-15 13:30:09.467794,1.13138,1.13145
419,2019-03-15 13:30:09.481197,1.13138,1.13142
420,2019-03-15 13:30:09.481667,1.13138,1.13143
421,2019-03-15 13:30:09.481986,1.13138,1.13145
422,2019-03-15 13:30:09.502727,1.13138,1.13145
423,2019-03-15 13:30:09.504057,1.13138,1.13145
424,2019-03-15 13:30:09.516304,1.13141,1.13145
425,2019-03-15 13:30:09.516557,1.13138,1.13145
426,2019-03-15 13:30:09.517141,1.13138,1.13144
427,2019-03-15 13:30:09.517477,1.13138,1.13144
428,2019-03-15 13:30:09.517963,1.13139,1.13144
429,2019-03-15 13:30:09.518292,1.13139,1.13145
430,2019-03-15 13:30:09.518517,1.13139,1.13145
431,2019-03-15 13:30:09.519994,1.13139,1.13145
432,2019-03-15 13:30:09.524513,1.13139,1.13145
433,2019-03-15 13:30:09.527193,1.13139,1.13145
434,2019-03-15 13:30:09.528468,1.13139,1.13145
435,2019-03-15 13:30:09.528873,1.13139,1.13145
436,2019-03-15 13:30:09.529275,1.13139,1.13145
437,2019-03-15 13:30:09.530526,1.13139,1.13144
438,2019-03-15 13:30:09.537431,1.13139,1.13144
439,2019-03-15 13:30:09.541365,1.13139,1.13144
440,2019-03-15 13:30:09.548040,1.13139,1.13144
441,2019-03-15 13:30:09.589086,1.13139,1.13144
442,2019-03-15 13:30:09.599398,1.13141,1.13144
443,2019-03-15 13:30:09.601156,1.13141,1.13144
444,2019-03-15 13:30:09.602980,1.13141,1.13145
445,2019-03-15 13:30:09.603595,1.13141,1.13146
446,2019-03-15 13:30:09.604540,1.13141,1.13146
447,2019-03-15 13:30:09.605614,1.13141,1.13146
448,2019-03-15 13:30:09.606938,1.13141,1.13145
449,2019-03-15 13:30:09.687449,1.13141,1.13145
450,2019-03-15 13:30:09.687858,1.13141,1.13146
451,2019-03-15 13:30:09.688500,1.13141,1.13146
452,2019-03-15 13:30:09.688806,1.13141,1.13146
453,2019-03-15 13:30:09.696109,1.13141,1.13146
454,2019-03-15 13:30:09.696682,1.13141,1.13146
455,2019-03-15 13:30:09.798647,1.13141,1.13146
456,2019-03-15 13:30:10.046408,1.13141,1.13146
457,2019-03-15 13:30:10.107843,1.13141,1.13146
458,2019-03-15 13:30:10.114707,1.13141,1.13146
459,2019-03-15 13:30:10.115175,1.13141,1.13146
460,2019-03-15 13:30:10.132535,1.13141,1.13146
461,2019-03-15 13:30:10.195622,1.13141,1.13146
462,2019-03-15 13:30:10.468645,1.13141,1.13146
463,2019-03-15 13:30:10.473761,1.13141,1.13146
464,2019-03-15 13:30:10.474363,1.13141,1.13146
465,2019-03-15 13:30:10.506288,1.13141,1.13146
466,2019-03-15 13:30:10.511520,1.13141,1.13146
467,2019-03-15 13:30:10.511979,1.13141,1.13146
468,2019-03-15 13:30:10.512296,1.13141,1.13147
469,2019-03-15 13:30:10.525583,1.13141,1.13146
470,2019-03-15 13:30:10.526863,1.13141,1.13144
471,2019-03-15 13:30:10.529593,1.13141,1.13144
472,2019-03-15 13:30:10.534963,1.13141,1.13144
473,2019-03-15 13:30:10.543342,1.13141,1.13144
474,2019-03-15 13:30:10.545560,1.13141,1.13144
475,2019-03-15 13:30:10.562557,1.13141,1.13145
476,2019-03-15 13:30:10.565294,1.13142,1.13145
477,2019-03-15 13:30:10.576577,1.13142,1.13145
478,2019-03-15 13:30:10.579916,1.13142,1.13146
479,2019-03-15 13:30:10.598224,1.13142,1.13146
480,2019-03-15 13:30:10.598739,1.13142,1.13146
481,2019-03-15 13:30:10.603859,1.13141,1.13146
482,2019-03-15 13:30:10.604295,1.13141,1.13146
483,2019-03-15 13:30:10.604638,1.13141,1.13146
484,2019-03-15 13:30:10.624397,1.13141,1.13146
485,2019-03-15 13:30:10.637006,1.13141,1.13146
486,2019-03-15 13:30:10.638938,1.13141,1.13146
487,2019-03-15 13:30:10.649621,1.13141,1.13147
488,2019-03-15 13:30:10.672379,1.13142,1.13147
489,2019-03-15 13:30:10.693646,1.13141,1.13147
490,2019-03-15 13:30:10.694118,1.13141,1.13147
491,2019-03-15 13:30:10.694770,1.13141,1.13147
492,2019-03-15 13:30:10.700641,1.13141,1.13146
493,2019-03-15 13:30:10.701587,1.13141,1.13146
494,2019-03-15 13:30:10.701937,1.13143,1.13146
495,2019-03-15 13:30:10.702240,1.13143,1.13146
496,2019-03-15 13:30:10.716054,1.13143,1.13147
497,2019-03-15 13:30:10.727360,1.13143,1.13147
498,2019-03-15 13:30:10.729537,1.13143,1.13147
499,2019-03-15 13:30:10.730064,1.13143,1.13147
500,2019-03-15 13:30:10.737471,1.13141,1.13147
501,2019-03-15 13:30:10.737937,1.13142,1.13147
502,2019-03-15 13:30:10.739396,1.13142,1.13148
503,2019-03-15 13:30:10.772434,1.13142,1.13146
504,2019-03-15 13:30:10.797700,1.13143,1.13149
505,2019-03-15 13:30:10.822767,1.13143,1.13148
506,2019-03-15 13:30:10.848200,1.13143,1.13148
507,2019-03-15 13:30:10.873416,1.13143,1.13148
508,2019-03-15 13:30:10.918847,1.13143,1.13148
509,2019-03-15 13:30:10.944148,1.13143,1.13149
510,2019-03-15 13:30:10.969515,1.13146,1.1315
511,2019-03-15 13:30:10.999699,1.13146,1.1315
512,2019-03-15 13:30:11.030193,1.13146,1.1315
513,2019-03-15 13:30:11.055292,1.13146,1.1315
514,2019-03-15 13:30:11.080548,1.13146,1.13151
515,2019-03-15 13:30:11.211924,1.13146,1.13151
516,2019-03-15 13:30:11.237179,1.13146,1.13151
517,2019-03-15 13:30:11.282705,1.13146,1.13151
518,2019-03-15 13:30:11.307953,1.13147,1.13152
519,2019-03-15 13:30:11.333224,1.13147,1.13151
520,2019-03-15 13:30:11.358541,1.13146,1.13151
521,2019-03-15 13:30:11.408847,1.13146,1.13151
522,2019-03-15 13:30:11.454608,1.13146,1.13151
523,2019-03-15 13:30:11.495005,1.13146,1.13151
524,2019-03-15 13:30:11.601270,1.13146,1.13151
525,2019-03-15 13:30:11.626497,1.13146,1.13151
526,2019-03-15 13:30:11.777902,1.13146,1.13151
527,2019-03-15 13:30:11.803194,1.13146,1.13152
528,2019-03-15 13:30:11.863832,1.13146,1.13152
529,2019-03-15 13:30:11.924418,1.13146,1.13152
530,2019-03-15 13:30:11.969822,1.13146,1.13152
531,2019-03-15 13:30:12.005396,1.13147,1.13152
532,2019-03-15 13:30:12.030726,1.13151,1.13152
533,2019-03-15 13:30:12.056011,1.13148,1.13153
534,2019-03-15 13:30:12.081481,1.13148,1.13153
535,2019-03-15 13:30:12.106620,1.13151,1.13154
536,2019-03-15 13:30:12.131993,1.13148,1.13155
537,2019-03-15 13:30:12.157183,1.13148,1.13152
538,2019-03-15 13:30:12.182291,1.13148,1.13152
539,2019-03-15 13:30:12.207503,1.13147,1.13152
540,2019-03-15 13:30:12.232703,1.13146,1.13152
541,2019-03-15 13:30:12.257945,1.13146,1.13151
542,2019-03-15 13:30:12.283185,1.13146,1.13151
543,2019-03-15 13:30:12.308436,1.13146,1.13152
544,2019-03-15 13:30:12.333682,1.13144,1.1315
545,2019-03-15 13:30:12.358941,1.13143,1.13151
546,2019-03-15 13:30:12.384481,1.13145,1.13151
547,2019-03-15 13:30:12.409675,1.13144,1.1315
548,2019-03-15 13:30:12.434999,1.13146,1.13151
549,2019-03-15 13:30:12.460190,1.13146,1.13151
550,2019-03-15 13:30:12.485401,1.13146,1.13151
551,2019-03-15 13:30:12.510560,1.13146,1.13151
552,2019-03-15 13:30:12.535890,1.13146,1.13151
553,2019-03-15 13:30:12.601459,1.13146,1.13151
554,2019-03-15 13:30:12.898748,1.13146,1.13151
555,2019-03-15 13:30:13.035137,1.13146,1.13151
556,2019-03-15 13:30:13.140989,1.13146,1.13151
557,2019-03-15 13:30:13.191464,1.13146,1.13152
558,2019-03-15 13:30:13.287150,1.13146,1.13152
559,2019-03-15 13:30:13.357733,1.13146,1.13152
560,2019-03-15 13:30:13.428496,1.13146,1.1315
561,2019-03-15 13:30:13.453742,1.13146,1.13153
562,2019-03-15 13:30:13.478972,1.13147,1.13153
563,2019-03-15 13:30:13.534567,1.13146,1.13153
564,2019-03-15 13:30:13.600167,1.13146,1.13152
565,2019-03-15 13:30:13.625603,1.13147,1.13153
566,2019-03-15 13:30:13.650893,1.13148,1.13153
567,2019-03-15 13:30:13.676065,1.13148,1.13153
568,2019-03-15 13:30:13.707033,1.13147,1.13154
569,2019-03-15 13:30:13.732387,1.13147,1.13155
570,2019-03-15 13:30:13.757376,1.13147,1.13154
571,2019-03-15 13:30:13.782667,1.13147,1.13154
572,2019-03-15 13:30:13.808062,1.13148,1.13153
573,2019-03-15 13:30:13.848461,1.13148,1.13153
574,2019-03-15 13:30:13.873644,1.13148,1.13153
575,2019-03-15 13:30:13.898804,1.13148,1.13153
576,2019-03-15 13:30:13.924098,1.13148,1.13153
577,2019-03-15 13:30:13.969506,1.13148,1.13153
578,2019-03-15 13:30:14.004741,1.13148,1.13154
579,2019-03-15 13:30:14.030207,1.13148,1.13155
580,2019-03-15 13:30:14.085640,1.13148,1.13155
581,2019-03-15 13:30:14.110855,1.13148,1.13155
582,2019-03-15 13:30:14.136122,1.13148,1.13154
583,2019-03-15 13:30:14.226900,1.13148,1.13154
584,2019-03-15 13:30:14.252073,1.13148,1.13154
585,2019-03-15 13:30:14.317556,1.13146,1.13154
586,2019-03-15 13:30:14.342837,1.13147,1.13153
587,2019-03-15 13:30:14.368119,1.13146,1.13152
588,2019-03-15 13:30:14.393446,1.13146,1.13153
589,2019-03-15 13:30:14.418667,1.13146,1.13153
590,2019-03-15 13:30:14.444045,1.13145,1.13152
591,2019-03-15 13:30:14.494683,1.13145,1.13152
592,2019-03-15 13:30:14.520079,1.13144,1.13152
593,2019-03-15 13:30:14.545273,1.13145,1.13151
594,2019-03-15 13:30:14.580470,1.13145,1.13152
595,2019-03-15 13:30:14.681639,1.13145,1.13152
596,2019-03-15 13:30:14.706935,1.13145,1.13152
597,2019-03-15 13:30:14.772530,1.13145,1.13152
598,2019-03-15 13:30:15.112949,1.13145,1.13152
599,2019-03-15 13:30:15.152070,1.13145,1.13152
600,2019-03-15 13:30:15.156032,1.13145,1.13152
601,2019-03-15 13:30:15.156310,1.13145,1.13153
602,2019-03-15 13:30:15.207620,1.13145,1.13153
603,2019-03-15 13:30:15.207965,1.13145,1.13153
604,2019-03-15 13:30:15.233548,1.13145,1.13153
605,2019-03-15 13:30:15.360246,1.13145,1.13153
606,2019-03-15 13:30:15.360542,1.13145,1.13152
607,2019-03-15 13:30:15.799488,1.13145,1.13152
608,2019-03-15 13:30:15.801443,1.13145,1.13152
609,2019-03-15 13:30:15.802765,1.13145,1.13152
610,2019-03-15 13:30:15.816954,1.13145,1.13152
611,2019-03-15 13:30:15.817372,1.13147,1.13152
612,2019-03-15 13:30:15.835304,1.13147,1.13153
613,2019-03-15 13:30:15.841916,1.13145,1.13153
614,2019-03-15 13:30:15.842327,1.13146,1.13153
615,2019-03-15 13:30:15.842665,1.13146,1.13153
616,2019-03-15 13:30:15.856059,1.13146,1.13153
617,2019-03-15 13:30:15.856534,1.13146,1.13153
618,2019-03-15 13:30:15.861051,1.13146,1.13153
619,2019-03-15 13:30:15.861457,1.13146,1.13152
620,2019-03-15 13:30:15.862069,1.13146,1.13152
621,2019-03-15 13:30:15.901233,1.13145,1.13152
622,2019-03-15 13:30:15.925230,1.13145,1.13152
623,2019-03-15 13:30:15.963626,1.13145,1.13152
624,2019-03-15 13:30:15.968025,1.13145,1.13152
625,2019-03-15 13:30:16.349383,1.13145,1.13152
626,2019-03-15 13:30:16.377860,1.13145,1.13151
627,2019-03-15 13:30:16.768832,1.13145,1.13152
628,2019-03-15 13:30:16.848793,1.13145,1.13152
629,2019-03-15 13:30:16.849133,1.13145,1.13152
630,2019-03-15 13:30:16.849455,1.13145,1.13152
631,2019-03-15 13:30:16.850641,1.13147,1.13152
632,2019-03-15 13:30:16.850970,1.13147,1.13152
633,2019-03-15 13:30:16.851484,1.13147,1.13152
634,2019-03-15 13:30:16.852448,1.13147,1.13152
635,2019-03-15 13:30:16.853078,1.13147,1.13152
636,2019-03-15 13:30:16.854377,1.13147,1.13152
637,2019-03-15 13:30:16.854628,1.13147,1.13153
638,2019-03-15 13:30:16.854999,1.13147,1.13153
639,2019-03-15 13:30:16.856078,1.13147,1.13153
640,2019-03-15 13:30:16.856543,1.13147,1.13153
641,2019-03-15 13:30:16.858379,1.13147,1.13153
642,2019-03-15 13:30:16.862570,1.13147,1.13153
643,2019-03-15 13:30:16.875922,1.13147,1.13153
644,2019-03-15 13:30:16.876755,1.13147,1.13153
645,2019-03-15 13:30:16.877125,1.13147,1.13153
646,2019-03-15 13:30:16.877448,1.13147,1.13153
647,2019-03-15 13:30:16.885359,1.13147,1.13153
648,2019-03-15 13:30:16.894215,1.13147,1.13153
649,2019-03-15 13:30:16.927464,1.13147,1.13153
650,2019-03-15 13:30:16.927777,1.13147,1.13153
651,2019-03-15 13:30:16.981631,1.13147,1.13154
652,2019-03-15 13:30:16.982206,1.13147,1.13154
653,2019-03-15 13:30:16.993899,1.13147,1.13154
654,2019-03-15 13:30:17.005997,1.13147,1.13153
655,2019-03-15 13:30:17.006310,1.13147,1.13153
656,2019-03-15 13:30:17.007595,1.13147,1.13153
657,2019-03-15 13:30:17.007998,1.13147,1.13153
658,2019-03-15 13:30:17.035189,1.13147,1.13153
659,2019-03-15 13:30:17.035596,1.13147,1.13153
660,2019-03-15 13:30:17.545321,1.13147,1.13153
661,2019-03-15 13:30:17.545836,1.13147,1.13153
662,2019-03-15 13:30:17.554698,1.13147,1.13152
663,2019-03-15 13:30:17.556227,1.13147,1.13152
664,2019-03-15 13:30:17.556621,1.13147,1.13152
665,2019-03-15 13:30:17.557210,1.13147,1.13152
666,2019-03-15 13:30:17.558371,1.13146,1.13152
667,2019-03-15 13:30:17.558823,1.13146,1.13152
668,2019-03-15 13:30:17.559243,1.13146,1.13152
669,2019-03-15 13:30:17.559541,1.13146,1.13152
670,2019-03-15 13:30:17.561802,1.13146,1.13152
671,2019-03-15 13:30:17.562553,1.13146,1.13152
672,2019-03-15 13:30:17.562820,1.13146,1.13152
673,2019-03-15 13:30:17.563565,1.13146,1.13152
674,2019-03-15 13:30:17.563829,1.13145,1.13151
675,2019-03-15 13:30:17.565840,1.13145,1.13151
676,2019-03-15 13:30:17.566163,1.13145,1.13152
677,2019-03-15 13:30:17.566727,1.13145,1.13152
678,2019-03-15 13:30:17.567291,1.13145,1.13152
679,2019-03-15 13:30:17.568704,1.13145,1.13152
680,2019-03-15 13:30:17.568987,1.13145,1.13152
681,2019-03-15 13:30:17.569411,1.13145,1.13151
682,2019-03-15 13:30:17.577862,1.13145,1.13151
683,2019-03-15 13:30:17.578968,1.13145,1.13151
684,2019-03-15 13:30:17.579988,1.13144,1.13151
685,2019-03-15 13:30:17.580477,1.13144,1.13151
686,2019-03-15 13:30:17.620404,1.13144,1.13152
687,2019-03-15 13:30:17.632129,1.13144,1.13152
688,2019-03-15 13:30:17.636230,1.13144,1.13152
689,2019-03-15 13:30:17.646402,1.13144,1.13152
690,2019-03-15 13:30:17.647195,1.13144,1.13152
691,2019-03-15 13:30:17.647650,1.13144,1.13152
692,2019-03-15 13:30:17.658388,1.13144,1.13151
693,2019-03-15 13:30:17.658927,1.13144,1.13151
694,2019-03-15 13:30:17.696202,1.13144,1.13151
695,2019-03-15 13:30:17.697829,1.13145,1.13151
696,2019-03-15 13:30:17.738289,1.13144,1.13151
697,2019-03-15 13:30:17.738831,1.13146,1.13151
698,2019-03-15 13:30:17.762148,1.13144,1.13151
699,2019-03-15 13:30:17.762638,1.13144,1.13151
700,2019-03-15 13:30:17.765761,1.13144,1.13151
701,2019-03-15 13:30:17.798930,1.13143,1.13151
702,2019-03-15 13:30:17.799202,1.13143,1.13151
703,2019-03-15 13:30:17.799849,1.13143,1.13151
704,2019-03-15 13:30:17.800779,1.13143,1.13151
705,2019-03-15 13:30:17.832881,1.13143,1.13151
706,2019-03-15 13:30:17.833189,1.13143,1.13151
707,2019-03-15 13:30:17.849730,1.13143,1.13151
708,2019-03-15 13:30:17.864874,1.13143,1.13151
709,2019-03-15 13:30:17.889136,1.13143,1.13151
710,2019-03-15 13:30:17.889480,1.13143,1.13152
711,2019-03-15 13:30:17.890013,1.13143,1.13152
712,2019-03-15 13:30:17.890417,1.13143,1.13151
713,2019-03-15 13:30:17.908670,1.13143,1.13152
714,2019-03-15 13:30:17.915316,1.13143,1.13152
715,2019-03-15 13:30:17.915678,1.13143,1.13152
716,2019-03-15 13:30:18.084222,1.13143,1.13152
717,2019-03-15 13:30:18.084509,1.13144,1.13152
718,2019-03-15 13:30:18.084760,1.13143,1.13152
719,2019-03-15 13:30:18.106685,1.13144,1.13152
720,2019-03-15 13:30:18.108917,1.13144,1.13152
721,2019-03-15 13:30:18.115556,1.13145,1.13152
722,2019-03-15 13:30:18.116717,1.13145,1.13152
723,2019-03-15 13:30:18.118081,1.13145,1.13152
724,2019-03-15 13:30:18.118674,1.13145,1.13152
725,2019-03-15 13:30:18.119094,1.13145,1.13154
726,2019-03-15 13:30:18.119376,1.13145,1.13153
727,2019-03-15 13:30:18.126212,1.13145,1.13153
728,2019-03-15 13:30:18.158301,1.13144,1.13153
729,2019-03-15 13:30:18.158701,1.13146,1.13153
730,2019-03-15 13:30:18.205816,1.13146,1.13152
731,2019-03-15 13:30:18.206524,1.13146,1.13152
732,2019-03-15 13:30:18.217503,1.13146,1.13152
733,2019-03-15 13:30:18.326624,1.13146,1.13152
734,2019-03-15 13:30:18.328582,1.13146,1.13152
735,2019-03-15 13:30:18.328914,1.13146,1.13152
736,2019-03-15 13:30:18.330653,1.13145,1.13152
737,2019-03-15 13:30:18.331165,1.13147,1.13152
738,2019-03-15 13:30:18.378216,1.13145,1.13152
739,2019-03-15 13:30:18.378478,1.13146,1.13152
740,2019-03-15 13:30:18.378823,1.13146,1.13152
741,2019-03-15 13:30:18.434524,1.13145,1.13152
742,2019-03-15 13:30:18.442242,1.13145,1.13152
743,2019-03-15 13:30:18.444581,1.13145,1.13152
744,2019-03-15 13:30:18.450310,1.13145,1.13152
745,2019-03-15 13:30:18.450696,1.13145,1.13152
746,2019-03-15 13:30:18.453231,1.13145,1.13152
747,2019-03-15 13:30:18.461142,1.13146,1.13152
748,2019-03-15 13:30:18.473011,1.13146,1.13152
749,2019-03-15 13:30:18.473643,1.13146,1.13152
750,2019-03-15 13:30:18.497875,1.13146,1.13153
751,2019-03-15 13:30:18.520840,1.13146,1.13152
752,2019-03-15 13:30:18.531349,1.13146,1.13152
753,2019-03-15 13:30:18.540338,1.13145,1.13152
754,2019-03-15 13:30:18.541174,1.13145,1.13152
755,2019-03-15 13:30:18.541970,1.13145,1.13152
756,2019-03-15 13:30:18.542332,1.13145,1.13152
757,2019-03-15 13:30:18.545754,1.13145,1.13153
758,2019-03-15 13:30:18.546273,1.13145,1.13153
759,2019-03-15 13:30:18.558523,1.13145,1.13152
760,2019-03-15 13:30:18.559560,1.13145,1.13153
761,2019-03-15 13:30:18.606187,1.13145,1.13153
762,2019-03-15 13:30:18.609454,1.13145,1.13153
763,2019-03-15 13:30:18.616209,1.13145,1.13153
764,2019-03-15 13:30:18.616648,1.13145,1.13153
765,2019-03-15 13:30:18.689672,1.13145,1.13152
766,2019-03-15 13:30:18.787973,1.13145,1.13152
767,2019-03-15 13:30:18.848610,1.13145,1.13152
768,2019-03-15 13:30:18.849071,1.13146,1.13152
769,2019-03-15 13:30:18.849677,1.13146,1.13152
770,2019-03-15 13:30:18.850588,1.13146,1.13152
771,2019-03-15 13:30:18.852307,1.13146,1.13152
772,2019-03-15 13:30:18.857969,1.13146,1.13152
773,2019-03-15 13:30:18.858215,1.13146,1.13151
774,2019-03-15 13:30:18.858581,1.13146,1.13151
775,2019-03-15 13:30:18.861133,1.13146,1.13151
776,2019-03-15 13:30:18.866146,1.13146,1.13151
777,2019-03-15 13:30:18.877654,1.13146,1.13151
778,2019-03-15 13:30:18.885610,1.13146,1.13151
779,2019-03-15 13:30:18.887391,1.13146,1.13152
780,2019-03-15 13:30:18.889036,1.13146,1.13152
781,2019-03-15 13:30:18.889487,1.13147,1.13152
782,2019-03-15 13:30:18.890158,1.13147,1.13152
783,2019-03-15 13:30:18.890454,1.13147,1.13152
784,2019-03-15 13:30:18.891323,1.13147,1.13152
785,2019-03-15 13:30:18.892451,1.13147,1.13152
786,2019-03-15 13:30:18.898445,1.13145,1.13152
787,2019-03-15 13:30:18.898765,1.13145,1.13152
788,2019-03-15 13:30:18.899097,1.13145,1.13152
789,2019-03-15 13:30:18.899766,1.13145,1.13152
790,2019-03-15 13:30:18.900384,1.13145,1.13152
791,2019-03-15 13:30:18.903523,1.13145,1.13152
792,2019-03-15 13:30:18.906874,1.13146,1.13152
793,2019-03-15 13:30:18.909390,1.13146,1.13151
794,2019-03-15 13:30:18.916807,1.13146,1.13151
795,2019-03-15 13:30:18.958713,1.13145,1.13151
796,2019-03-15 13:30:18.959311,1.13147,1.13151
797,2019-03-15 13:30:18.960581,1.13147,1.13151
798,2019-03-15 13:30:18.966053,1.13147,1.13151
799,2019-03-15 13:30:18.968214,1.13147,1.13151
800,2019-03-15 13:30:18.968575,1.13147,1.13151
801,2019-03-15 13:30:18.968887,1.13147,1.13151
802,2019-03-15 13:30:18.969226,1.13147,1.13151
803,2019-03-15 13:30:18.969750,1.13147,1.13152
804,2019-03-15 13:30:18.970128,1.13147,1.13152
805,2019-03-15 13:30:18.970446,1.13147,1.13152
806,2019-03-15 13:30:18.970840,1.13147,1.13152
807,2019-03-15 13:30:18.971265,1.13147,1.13152
808,2019-03-15 13:30:18.971537,1.13147,1.13151
809,2019-03-15 13:30:18.971733,1.13147,1.13151
810,2019-03-15 13:30:18.972418,1.13146,1.13151
811,2019-03-15 13:30:18.972738,1.13146,1.13151
812,2019-03-15 13:30:18.973209,1.13146,1.13151
813,2019-03-15 13:30:18.977208,1.13146,1.13151
814,2019-03-15 13:30:18.979703,1.13146,1.13151
815,2019-03-15 13:30:18.980132,1.13146,1.13151
816,2019-03-15 13:30:18.980786,1.13145,1.13151
817,2019-03-15 13:30:18.981221,1.13145,1.13151
818,2019-03-15 13:30:18.981602,1.13145,1.13151
819,2019-03-15 13:30:18.982080,1.13145,1.13151
820,2019-03-15 13:30:18.984327,1.13145,1.13151
821,2019-03-15 13:30:19.000357,1.13144,1.13151
822,2019-03-15 13:30:19.012946,1.13144,1.13151
823,2019-03-15 13:30:19.017871,1.13144,1.13151
824,2019-03-15 13:30:19.018933,1.13144,1.13153
825,2019-03-15 13:30:19.019233,1.13144,1.13153
826,2019-03-15 13:30:19.019747,1.13144,1.13153
827,2019-03-15 13:30:19.024304,1.13145,1.13153
828,2019-03-15 13:30:19.027012,1.13145,1.13153
829,2019-03-15 13:30:19.030748,1.13145,1.13153
830,2019-03-15 13:30:19.031229,1.13145,1.13153
831,2019-03-15 13:30:19.040305,1.13145,1.13153
832,2019-03-15 13:30:19.040729,1.13145,1.13153
833,2019-03-15 13:30:19.043265,1.13146,1.13152
834,2019-03-15 13:30:19.053004,1.13146,1.13153
835,2019-03-15 13:30:19.100559,1.13146,1.13153
836,2019-03-15 13:30:19.101044,1.13146,1.13153
837,2019-03-15 13:30:19.178278,1.13146,1.13153
838,2019-03-15 13:30:19.178574,1.13146,1.13152
839,2019-03-15 13:30:19.178872,1.13146,1.13152
840,2019-03-15 13:30:19.184555,1.13146,1.13152
841,2019-03-15 13:30:19.184884,1.13145,1.13152
842,2019-03-15 13:30:19.185280,1.13145,1.13152
843,2019-03-15 13:30:19.197786,1.13144,1.13152
844,2019-03-15 13:30:19.198213,1.13144,1.13153
845,2019-03-15 13:30:19.199391,1.13144,1.13152
846,2019-03-15 13:30:19.212622,1.13145,1.13152
847,2019-03-15 13:30:19.251228,1.13146,1.13152
848,2019-03-15 13:30:19.317885,1.13146,1.13152
849,2019-03-15 13:30:19.327586,1.13145,1.13152
850,2019-03-15 13:30:19.333485,1.13145,1.13152
851,2019-03-15 13:30:19.336388,1.13145,1.13152
852,2019-03-15 13:30:19.399452,1.13145,1.13153
853,2019-03-15 13:30:19.411107,1.13145,1.13152
854,2019-03-15 13:30:19.475876,1.13145,1.13152
855,2019-03-15 13:30:19.476218,1.13145,1.13151
856,2019-03-15 13:30:19.486064,1.13146,1.13152
857,2019-03-15 13:30:19.761129,1.13144,1.13152
858,2019-03-15 13:30:19.761433,1.13144,1.13152
859,2019-03-15 13:30:19.761814,1.13144,1.13152
860,2019-03-15 13:30:19.768981,1.13144,1.13151
861,2019-03-15 13:30:19.777908,1.13144,1.13152
862,2019-03-15 13:30:19.778333,1.13144,1.13152
863,2019-03-15 13:30:19.791022,1.13145,1.13152
864,2019-03-15 13:30:19.808183,1.13146,1.13152
865,2019-03-15 13:30:19.815327,1.13146,1.13153
866,2019-03-15 13:30:19.815624,1.13146,1.13153
867,2019-03-15 13:30:19.819961,1.13146,1.13153
868,2019-03-15 13:30:19.829164,1.13146,1.13153
869,2019-03-15 13:30:19.829462,1.13146,1.13153
870,2019-03-15 13:30:19.829781,1.13146,1.13153
871,2019-03-15 13:30:19.830103,1.13146,1.13153
872,2019-03-15 13:30:19.837527,1.13146,1.13153
873,2019-03-15 13:30:19.837821,1.13146,1.13153
874,2019-03-15 13:30:19.840390,1.13146,1.13153
875,2019-03-15 13:30:19.840764,1.13146,1.13153
876,2019-03-15 13:30:19.878060,1.13146,1.13153
877,2019-03-15 13:30:19.878386,1.13146,1.13153
878,2019-03-15 13:30:19.878648,1.13146,1.13153
879,2019-03-15 13:30:19.932339,1.13146,1.13153
880,2019-03-15 13:30:19.977538,1.13146,1.13153
881,2019-03-15 13:30:19.982390,1.13146,1.13152
882,2019-03-15 13:30:20.013113,1.13146,1.13151
883,2019-03-15 13:30:20.013979,1.13146,1.13151
884,2019-03-15 13:30:20.014413,1.13146,1.13151
885,2019-03-15 13:30:20.018572,1.13146,1.13151
886,2019-03-15 13:30:20.019139,1.13146,1.13151
887,2019-03-15 13:30:20.033728,1.13146,1.13151
888,2019-03-15 13:30:20.176621,1.13146,1.13151
889,2019-03-15 13:30:20.176951,1.13146,1.13151
890,2019-03-15 13:30:20.177675,1.13146,1.13153
891,2019-03-15 13:30:20.178695,1.13146,1.13153
892,2019-03-15 13:30:20.240655,1.13146,1.13153
893,2019-03-15 13:30:20.251042,1.13146,1.13153
894,2019-03-15 13:30:20.252287,1.13146,1.13152
895,2019-03-15 13:30:20.252812,1.13146,1.13152
896,2019-03-15 13:30:20.267927,1.13146,1.13152
897,2019-03-15 13:30:20.269256,1.13146,1.13152
898,2019-03-15 13:30:20.269550,1.13146,1.13152
899,2019-03-15 13:30:20.269865,1.13146,1.13152
900,2019-03-15 13:30:20.270217,1.13146,1.13151
901,2019-03-15 13:30:20.270556,1.13146,1.13151
902,2019-03-15 13:30:20.274689,1.13146,1.13151
903,2019-03-15 13:30:20.280103,1.13146,1.13151
904,2019-03-15 13:30:20.280460,1.13146,1.13151
905,2019-03-15 13:30:20.285512,1.13146,1.13151
906,2019-03-15 13:30:20.300280,1.13146,1.13151
907,2019-03-15 13:30:20.316634,1.13145,1.13151
908,2019-03-15 13:30:20.325182,1.13145,1.13152
909,2019-03-15 13:30:20.326215,1.13145,1.13152
910,2019-03-15 13:30:20.326470,1.13145,1.13152
911,2019-03-15 13:30:20.326975,1.13145,1.13153
912,2019-03-15 13:30:20.327973,1.13145,1.13153
913,2019-03-15 13:30:20.328294,1.13145,1.13153
914,2019-03-15 13:30:20.328573,1.13145,1.13153
915,2019-03-15 13:30:20.335387,1.13145,1.13153
916,2019-03-15 13:30:20.336188,1.13146,1.13153
917,2019-03-15 13:30:20.338485,1.13146,1.13153
918,2019-03-15 13:30:20.344394,1.13146,1.13153
919,2019-03-15 13:30:20.344713,1.13146,1.13153
920,2019-03-15 13:30:20.354365,1.13146,1.13153
921,2019-03-15 13:30:20.359446,1.13145,1.13152
922,2019-03-15 13:30:20.367926,1.13145,1.13152
923,2019-03-15 13:30:20.368244,1.13146,1.13152
924,2019-03-15 13:30:20.369097,1.13146,1.13153
925,2019-03-15 13:30:20.370316,1.13146,1.13153
926,2019-03-15 13:30:20.370914,1.13146,1.13153
927,2019-03-15 13:30:20.377521,1.13146,1.13153
928,2019-03-15 13:30:20.379215,1.13146,1.13152
929,2019-03-15 13:30:20.380886,1.13146,1.13152
930,2019-03-15 13:30:20.385339,1.13146,1.13153
931,2019-03-15 13:30:20.385788,1.13146,1.13153
932,2019-03-15 13:30:20.388415,1.13146,1.13153
933,2019-03-15 13:30:20.388742,1.13144,1.13153
934,2019-03-15 13:30:20.389440,1.13144,1.13153
935,2019-03-15 13:30:20.389772,1.13144,1.13153
936,2019-03-15 13:30:20.395326,1.13144,1.13153
937,2019-03-15 13:30:20.401802,1.13144,1.13153
938,2019-03-15 13:30:20.432365,1.13144,1.13153
939,2019-03-15 13:30:20.447627,1.13144,1.13153
940,2019-03-15 13:30:20.455147,1.13144,1.13152
941,2019-03-15 13:30:20.455485,1.13143,1.13152
942,2019-03-15 13:30:20.457159,1.13143,1.13152
943,2019-03-15 13:30:20.766436,1.13143,1.13152
944,2019-03-15 13:30:20.766764,1.13146,1.13152
945,2019-03-15 13:30:20.768151,1.13146,1.13152
946,2019-03-15 13:30:20.768806,1.13146,1.13152
947,2019-03-15 13:30:20.771050,1.13146,1.13152
948,2019-03-15 13:30:20.776463,1.13146,1.13152
949,2019-03-15 13:30:20.804779,1.13146,1.13152
950,2019-03-15 13:30:20.859068,1.13146,1.13152
951,2019-03-15 13:30:20.859421,1.13146,1.13154
952,2019-03-15 13:30:20.861578,1.13146,1.13154
953,2019-03-15 13:30:20.865376,1.13146,1.13154
954,2019-03-15 13:30:20.865957,1.13146,1.13154
955,2019-03-15 13:30:20.885698,1.13146,1.13153
956,2019-03-15 13:30:20.886229,1.13146,1.13153
957,2019-03-15 13:30:20.888014,1.13146,1.13153
958,2019-03-15 13:30:20.889828,1.13146,1.13153
959,2019-03-15 13:30:20.895337,1.13146,1.13153
960,2019-03-15 13:30:20.895670,1.13146,1.13154
961,2019-03-15 13:30:20.895935,1.13146,1.13153
962,2019-03-15 13:30:20.903362,1.13145,1.13153
963,2019-03-15 13:30:20.949354,1.13145,1.13153
964,2019-03-15 13:30:20.953592,1.13145,1.13154
965,2019-03-15 13:30:21.088457,1.13145,1.13152
966,2019-03-15 13:30:21.126786,1.13145,1.13152
967,2019-03-15 13:30:21.127163,1.13145,1.13152
968,2019-03-15 13:30:21.145571,1.13145,1.13153
969,2019-03-15 13:30:21.164755,1.13145,1.13152
970,2019-03-15 13:30:21.232640,1.13145,1.13153
971,2019-03-15 13:30:21.392123,1.13145,1.13152
972,2019-03-15 13:30:21.581183,1.13145,1.13153
973,2019-03-15 13:30:21.721628,1.13145,1.13153
974,2019-03-15 13:30:22.220865,1.13145,1.13153
975,2019-03-15 13:30:22.221842,1.13145,1.13153
976,2019-03-15 13:30:22.222236,1.13145,1.13153
977,2019-03-15 13:30:22.229723,1.13145,1.13153
978,2019-03-15 13:30:22.232038,1.13145,1.13154
979,2019-03-15 13:30:22.232338,1.13145,1.13154
980,2019-03-15 13:30:22.247145,1.13145,1.13154
981,2019-03-15 13:30:22.293192,1.13145,1.13153
982,2019-03-15 13:30:22.295603,1.13145,1.13153
983,2019-03-15 13:30:22.308334,1.13145,1.13153
984,2019-03-15 13:30:22.361906,1.13145,1.13153
985,2019-03-15 13:30:22.542331,1.13145,1.13153
986,2019-03-15 13:30:22.615640,1.13145,1.13153
987,2019-03-15 13:30:22.615917,1.13145,1.13153
988,2019-03-15 13:30:22.616705,1.13145,1.13152
989,2019-03-15 13:30:22.617350,1.13145,1.13152
990,2019-03-15 13:30:22.617863,1.13145,1.13152
991,2019-03-15 13:30:22.690644,1.13145,1.13152
992,2019-03-15 13:30:22.732868,1.13145,1.13152
993,2019-03-15 13:30:22.733461,1.13145,1.13152
994,2019-03-15 13:30:22.745523,1.13145,1.13152
995,2019-03-15 13:30:22.960307,1.13145,1.13152
996,2019-03-15 13:30:22.960800,1.13145,1.13152
997,2019-03-15 13:30:22.961837,1.13146,1.13152
998,2019-03-15 13:30:22.962335,1.13146,1.13152
999,2019-03-15 13:30:22.963058,1.13146,1.13152
1000,2019-03-15 13:30:22.985412,1.13146,1.13152
1001,2019-03-15 13:30:22.986134,1.13146,1.13153
1002,2019-03-15 13:30:22.987067,1.13147,1.13153
1003,2019-03-15 13:30:23.002401,1.13146,1.13153
1004,2019-03-15 13:30:23.002724,1.13146,1.13153
1005,2019-03-15 13:30:23.003645,1.13146,1.13153
1006,2019-03-15 13:30:23.004330,1.13146,1.13153
1007,2019-03-15 13:30:23.004721,1.13146,1.13153
1008,2019-03-15 13:30:23.009704,1.13146,1.13153
1009,2019-03-15 13:30:23.011239,1.13145,1.13153
1010,2019-03-15 13:30:23.012023,1.13145,1.13153
1011,2019-03-15 13:30:23.012651,1.13145,1.13153
1012,2019-03-15 13:30:23.059748,1.13145,1.13153
1013,2019-03-15 13:30:23.062037,1.13145,1.13153
1014,2019-03-15 13:30:23.245893,1.13145,1.13153
1015,2019-03-15 13:30:23.248205,1.13145,1.13153
1016,2019-03-15 13:30:23.267335,1.13145,1.13153
1017,2019-03-15 13:30:23.325757,1.13145,1.13153
1018,2019-03-15 13:30:23.326031,1.13145,1.13153
1019,2019-03-15 13:30:24.376333,1.13145,1.13153
1020,2019-03-15 13:30:24.376900,1.13146,1.13153
1021,2019-03-15 13:30:24.377277,1.13147,1.13153
1022,2019-03-15 13:30:24.378651,1.13147,1.13153
1023,2019-03-15 13:30:24.389051,1.13147,1.13153
1024,2019-03-15 13:30:24.407679,1.13147,1.13153
1025,2019-03-15 13:30:24.408448,1.13146,1.13153
1026,2019-03-15 13:30:24.409257,1.13146,1.13153
1027,2019-03-15 13:30:24.410758,1.13145,1.13153
1028,2019-03-15 13:30:24.412265,1.13145,1.13153
1029,2019-03-15 13:30:24.412622,1.13145,1.13153
1030,2019-03-15 13:30:24.561811,1.13145,1.13153
1031,2019-03-15 13:30:24.562123,1.13146,1.13153
1032,2019-03-15 13:30:24.562964,1.13146,1.13153
1033,2019-03-15 13:30:24.563397,1.13147,1.13153
1034,2019-03-15 13:30:24.564442,1.13147,1.13153
1035,2019-03-15 13:30:24.564770,1.13147,1.13153
1036,2019-03-15 13:30:24.572341,1.13147,1.13153
1037,2019-03-15 13:30:24.572825,1.13147,1.13153
1038,2019-03-15 13:30:24.577783,1.13147,1.13153
1039,2019-03-15 13:30:24.578164,1.13147,1.13153
1040,2019-03-15 13:30:24.578846,1.13147,1.13153
1041,2019-03-15 13:30:24.579170,1.13147,1.13153
1042,2019-03-15 13:30:24.579790,1.13146,1.13153
1043,2019-03-15 13:30:24.580907,1.13147,1.13153
1044,2019-03-15 13:30:24.581201,1.13147,1.13153
1045,2019-03-15 13:30:24.582924,1.13151,1.13153
1046,2019-03-15 13:30:24.583233,1.13147,1.13154
1047,2019-03-15 13:30:24.583646,1.13147,1.13154
1048,2019-03-15 13:30:24.583969,1.13147,1.13154
1049,2019-03-15 13:30:24.584401,1.13147,1.13154
1050,2019-03-15 13:30:24.584630,1.13147,1.13154
1051,2019-03-15 13:30:24.585411,1.13147,1.13154
1052,2019-03-15 13:30:24.586215,1.13147,1.13154
1053,2019-03-15 13:30:24.586510,1.13147,1.13154
1054,2019-03-15 13:30:24.586865,1.13147,1.13154
1055,2019-03-15 13:30:24.587180,1.13147,1.13154
1056,2019-03-15 13:30:24.587441,1.13146,1.13154
1057,2019-03-15 13:30:24.587893,1.13146,1.13154
1058,2019-03-15 13:30:24.591000,1.13146,1.13152
1059,2019-03-15 13:30:24.591289,1.13146,1.13152
1060,2019-03-15 13:30:24.591630,1.13146,1.13152
1061,2019-03-15 13:30:24.592655,1.13145,1.13152
1062,2019-03-15 13:30:24.592997,1.13145,1.13152
1063,2019-03-15 13:30:24.593801,1.13145,1.13152
1064,2019-03-15 13:30:24.595067,1.13145,1.13152
1065,2019-03-15 13:30:24.595957,1.13146,1.13152
1066,2019-03-15 13:30:24.599539,1.13146,1.13152
1067,2019-03-15 13:30:24.601469,1.13146,1.13152
1068,2019-03-15 13:30:24.603115,1.13145,1.13152
1069,2019-03-15 13:30:24.603475,1.13145,1.13152
1070,2019-03-15 13:30:24.607754,1.13146,1.13152
1071,2019-03-15 13:30:24.608089,1.13146,1.13152
1072,2019-03-15 13:30:24.608499,1.13146,1.13152
1073,2019-03-15 13:30:24.609580,1.13146,1.13152
1074,2019-03-15 13:30:24.611907,1.13145,1.13152
1075,2019-03-15 13:30:24.613295,1.13144,1.13152
1076,2019-03-15 13:30:24.625660,1.13146,1.13152
1077,2019-03-15 13:30:24.626035,1.13147,1.13152
1078,2019-03-15 13:30:24.636820,1.13147,1.13152
1079,2019-03-15 13:30:24.641645,1.13147,1.13152
1080,2019-03-15 13:30:24.652553,1.13147,1.13152
1081,2019-03-15 13:30:24.658236,1.13147,1.13152
1082,2019-03-15 13:30:24.694581,1.13147,1.13152
1083,2019-03-15 13:30:24.709728,1.13147,1.13152
1084,2019-03-15 13:30:24.715376,1.13147,1.13152
1085,2019-03-15 13:30:24.728005,1.13147,1.13152
1086,2019-03-15 13:30:24.767972,1.13147,1.13152
1087,2019-03-15 13:30:24.780078,1.13147,1.13152
1088,2019-03-15 13:30:24.780525,1.13147,1.13152
1089,2019-03-15 13:30:25.095423,1.13147,1.13152
1090,2019-03-15 13:30:25.168042,1.13147,1.13152
1091,2019-03-15 13:30:25.172070,1.13147,1.13153
1092,2019-03-15 13:30:25.172348,1.13147,1.13153
1093,2019-03-15 13:30:25.172738,1.13151,1.13153
1094,2019-03-15 13:30:25.173797,1.13151,1.13153
1095,2019-03-15 13:30:25.174079,1.13151,1.13153
1096,2019-03-15 13:30:25.174605,1.13151,1.13153
1097,2019-03-15 13:30:25.175883,1.13151,1.13154
1098,2019-03-15 13:30:25.176372,1.13151,1.13154
1099,2019-03-15 13:30:25.178279,1.13151,1.13154
1100,2019-03-15 13:30:25.179020,1.13148,1.13154
1101,2019-03-15 13:30:25.179646,1.13148,1.13154
1102,2019-03-15 13:30:25.180790,1.13148,1.13154
1103,2019-03-15 13:30:25.181432,1.13148,1.13154
1104,2019-03-15 13:30:25.182945,1.13148,1.13154
1105,2019-03-15 13:30:25.184155,1.13148,1.13154
1106,2019-03-15 13:30:25.184534,1.13148,1.13155
1107,2019-03-15 13:30:25.185058,1.13148,1.13155
1108,2019-03-15 13:30:25.185341,1.13148,1.13155
1109,2019-03-15 13:30:25.185656,1.13148,1.13155
1110,2019-03-15 13:30:25.186513,1.13148,1.13155
1111,2019-03-15 13:30:25.187323,1.13151,1.13155
1112,2019-03-15 13:30:25.187643,1.13151,1.13155
1113,2019-03-15 13:30:25.188221,1.13151,1.13154
1114,2019-03-15 13:30:25.189083,1.13151,1.13154
1115,2019-03-15 13:30:25.190598,1.13151,1.13155
1116,2019-03-15 13:30:25.191611,1.13148,1.13155
1117,2019-03-15 13:30:25.192018,1.13148,1.13155
1118,2019-03-15 13:30:25.192330,1.13151,1.13155
1119,2019-03-15 13:30:25.193064,1.13148,1.13155
1120,2019-03-15 13:30:25.193589,1.13148,1.13152
1121,2019-03-15 13:30:25.193864,1.13148,1.13152
1122,2019-03-15 13:30:25.194167,1.13148,1.13152
1123,2019-03-15 13:30:25.194728,1.13148,1.13152
1124,2019-03-15 13:30:25.195105,1.13148,1.13152
1125,2019-03-15 13:30:25.195469,1.13147,1.13152
1126,2019-03-15 13:30:25.195744,1.13147,1.13152
1127,2019-03-15 13:30:25.197658,1.13149,1.13152
1128,2019-03-15 13:30:25.206256,1.13148,1.13152
1129,2019-03-15 13:30:25.215591,1.13148,1.13152
1130,2019-03-15 13:30:25.220686,1.13147,1.13152
1131,2019-03-15 13:30:25.230317,1.13147,1.13152
1132,2019-03-15 13:30:25.230642,1.13147,1.13152
1133,2019-03-15 13:30:25.239385,1.13146,1.13152
1134,2019-03-15 13:30:25.242807,1.13148,1.13152
1135,2019-03-15 13:30:25.243274,1.13146,1.13152
1136,2019-03-15 13:30:25.244015,1.13146,1.13152
1137,2019-03-15 13:30:25.246074,1.13146,1.13152
1138,2019-03-15 13:30:25.249657,1.13146,1.13152
1139,2019-03-15 13:30:25.250093,1.13146,1.13152
1140,2019-03-15 13:30:25.251950,1.13146,1.13152
1141,2019-03-15 13:30:25.252225,1.13148,1.13152
1142,2019-03-15 13:30:25.252524,1.13148,1.13152
1143,2019-03-15 13:30:25.262027,1.13148,1.13153
1144,2019-03-15 13:30:25.262406,1.13148,1.13153
1145,2019-03-15 13:30:25.263034,1.13151,1.13153
1146,2019-03-15 13:30:25.263435,1.13151,1.13153
1147,2019-03-15 13:30:25.264937,1.13151,1.13153
1148,2019-03-15 13:30:25.265300,1.13151,1.13154
1149,2019-03-15 13:30:25.265704,1.13151,1.13154
1150,2019-03-15 13:30:25.267622,1.13151,1.13154
1151,2019-03-15 13:30:25.268934,1.13151,1.13155
1152,2019-03-15 13:30:25.272385,1.13151,1.13155
1153,2019-03-15 13:30:25.273231,1.13148,1.13155
1154,2019-03-15 13:30:25.273515,1.13148,1.13155
1155,2019-03-15 13:30:25.274212,1.13148,1.13155
1156,2019-03-15 13:30:25.275297,1.13148,1.13155
1157,2019-03-15 13:30:25.277362,1.13148,1.13155
1158,2019-03-15 13:30:25.278484,1.13149,1.13155
1159,2019-03-15 13:30:25.278988,1.13149,1.13155
1160,2019-03-15 13:30:25.280683,1.13149,1.13155
1161,2019-03-15 13:30:25.281370,1.13149,1.13155
1162,2019-03-15 13:30:25.282505,1.13149,1.13152
1163,2019-03-15 13:30:25.282924,1.13149,1.13152
1164,2019-03-15 13:30:25.284385,1.13149,1.13152
1165,2019-03-15 13:30:25.286323,1.13149,1.13152
1166,2019-03-15 13:30:25.286968,1.13149,1.13152
1167,2019-03-15 13:30:25.289978,1.13149,1.13152
1168,2019-03-15 13:30:25.290493,1.13148,1.13152
1169,2019-03-15 13:30:25.293549,1.13148,1.13152
1170,2019-03-15 13:30:25.294810,1.13148,1.13152
1171,2019-03-15 13:30:25.299047,1.13148,1.13152
1172,2019-03-15 13:30:25.310305,1.13148,1.13152
1173,2019-03-15 13:30:25.321527,1.13148,1.13152
1174,2019-03-15 13:30:25.324401,1.13147,1.13152
1175,2019-03-15 13:30:25.325354,1.13147,1.13152
1176,2019-03-15 13:30:25.329836,1.13147,1.13152
1177,2019-03-15 13:30:25.341597,1.13147,1.13153
1178,2019-03-15 13:30:25.341921,1.13147,1.13153
1179,2019-03-15 13:30:25.347022,1.13147,1.13153
1180,2019-03-15 13:30:25.350376,1.13147,1.13153
1181,2019-03-15 13:30:25.350854,1.13148,1.13153
1182,2019-03-15 13:30:25.351197,1.13148,1.13153
1183,2019-03-15 13:30:25.354567,1.13148,1.13153
1184,2019-03-15 13:30:25.355012,1.13148,1.13153
1185,2019-03-15 13:30:25.371042,1.13148,1.13153
1186,2019-03-15 13:30:25.434609,1.13148,1.13153
1187,2019-03-15 13:30:25.435113,1.13148,1.13154
1188,2019-03-15 13:30:25.438216,1.13148,1.13154
1189,2019-03-15 13:30:25.458842,1.13148,1.13154
1190,2019-03-15 13:30:25.459426,1.13147,1.13153
1191,2019-03-15 13:30:25.469410,1.13147,1.13154
1192,2019-03-15 13:30:25.478638,1.13147,1.13154
1193,2019-03-15 13:30:25.479076,1.13148,1.13154
1194,2019-03-15 13:30:25.528559,1.13148,1.13154
1195,2019-03-15 13:30:25.554133,1.13151,1.13155
1196,2019-03-15 13:30:25.609623,1.13151,1.13156
1197,2019-03-15 13:30:25.634829,1.13151,1.13155
1198,2019-03-15 13:30:25.665101,1.13151,1.13155
1199,2019-03-15 13:30:25.690468,1.13151,1.13155
1200,2019-03-15 13:30:25.715873,1.13151,1.13155
1201,2019-03-15 13:30:25.741306,1.13153,1.13156
1202,2019-03-15 13:30:25.766450,1.13152,1.13155
1203,2019-03-15 13:30:25.791837,1.13153,1.13155
1204,2019-03-15 13:30:25.817125,1.13152,1.13155
1205,2019-03-15 13:30:25.842339,1.13152,1.13157
1206,2019-03-15 13:30:25.867481,1.13152,1.13158
1207,2019-03-15 13:30:25.892884,1.13152,1.13158
1208,2019-03-15 13:30:25.918404,1.13152,1.13157
1209,2019-03-15 13:30:25.943565,1.13153,1.13159
1210,2019-03-15 13:30:25.968709,1.13152,1.13159
1211,2019-03-15 13:30:25.993929,1.13152,1.13159
1212,2019-03-15 13:30:26.019192,1.13153,1.13159
1213,2019-03-15 13:30:26.044629,1.13153,1.1316
1214,2019-03-15 13:30:26.079833,1.13152,1.1316
1215,2019-03-15 13:30:26.105021,1.13152,1.1316
1216,2019-03-15 13:30:26.130357,1.13153,1.1316
1217,2019-03-15 13:30:26.155636,1.13153,1.1316
1218,2019-03-15 13:30:26.211207,1.13152,1.1316
1219,2019-03-15 13:30:26.251851,1.13154,1.1316
1220,2019-03-15 13:30:26.276892,1.13155,1.1316
1221,2019-03-15 13:30:26.312167,1.13156,1.13161
1222,2019-03-15 13:30:26.337503,1.13155,1.13161
1223,2019-03-15 13:30:26.362782,1.13155,1.1316
1224,2019-03-15 13:30:26.388104,1.13155,1.13161
1225,2019-03-15 13:30:26.413414,1.13155,1.1316
1226,2019-03-15 13:30:26.438544,1.13155,1.1316
1227,2019-03-15 13:30:26.468755,1.13155,1.1316
1228,2019-03-15 13:30:26.731190,1.13155,1.1316
1229,2019-03-15 13:30:26.796754,1.13155,1.1316
1230,2019-03-15 13:30:26.821985,1.13155,1.13161
1231,2019-03-15 13:30:26.877496,1.13155,1.1316
1232,2019-03-15 13:30:26.902854,1.13155,1.1316
1233,2019-03-15 13:30:26.973637,1.13155,1.1316
1234,2019-03-15 13:30:27.009408,1.13155,1.1316
1235,2019-03-15 13:30:27.034466,1.13155,1.13161
1236,2019-03-15 13:30:27.064702,1.13155,1.13161
1237,2019-03-15 13:30:27.100138,1.13155,1.13161
1238,2019-03-15 13:30:27.125260,1.13155,1.13161
1239,2019-03-15 13:30:27.150608,1.13155,1.13161
1240,2019-03-15 13:30:27.175743,1.13155,1.13161
1241,2019-03-15 13:30:27.201058,1.13155,1.13161
1242,2019-03-15 13:30:27.226382,1.13155,1.13161
1243,2019-03-15 13:30:27.281801,1.13155,1.13161
1244,2019-03-15 13:30:27.423356,1.13156,1.13161
1245,2019-03-15 13:30:27.484025,1.13156,1.13161
1246,2019-03-15 13:30:27.509675,1.13157,1.13163
1247,2019-03-15 13:30:27.534713,1.13161,1.13165
1248,2019-03-15 13:30:27.559964,1.13161,1.13164
1249,2019-03-15 13:30:27.585045,1.13161,1.13167
1250,2019-03-15 13:30:27.610504,1.13162,1.13166
1251,2019-03-15 13:30:27.635964,1.13161,1.13165
1252,2019-03-15 13:30:27.660932,1.13161,1.13165
1253,2019-03-15 13:30:27.686412,1.13161,1.13165
1254,2019-03-15 13:30:27.711630,1.13161,1.13166
1255,2019-03-15 13:30:27.746799,1.13161,1.13166
1256,2019-03-15 13:30:27.772011,1.13161,1.13167
1257,2019-03-15 13:30:27.797458,1.13161,1.13167
1258,2019-03-15 13:30:27.822716,1.13161,1.13167
1259,2019-03-15 13:30:27.847974,1.13161,1.13166
1260,2019-03-15 13:30:27.873297,1.13161,1.13166
1261,2019-03-15 13:30:27.939108,1.13161,1.13166
1262,2019-03-15 13:30:28.050395,1.13161,1.13167
1263,2019-03-15 13:30:28.397942,1.13161,1.13167
1264,2019-03-15 13:30:28.473800,1.13161,1.13167
1265,2019-03-15 13:30:28.498958,1.13161,1.13168
1266,2019-03-15 13:30:28.544386,1.13161,1.13167
1267,2019-03-15 13:30:28.569681,1.13162,1.13166
1268,2019-03-15 13:30:28.594907,1.13161,1.13166
1269,2019-03-15 13:30:28.625133,1.13161,1.13166
1270,2019-03-15 13:30:28.650421,1.13161,1.13167
1271,2019-03-15 13:30:28.675576,1.13161,1.13168
1272,2019-03-15 13:30:28.700730,1.13161,1.13167
1273,2019-03-15 13:30:28.725995,1.13161,1.13166
1274,2019-03-15 13:30:29.209382,1.13161,1.13167
1275,2019-03-15 13:30:29.215373,1.13161,1.13167
1276,2019-03-15 13:30:29.215963,1.13161,1.13167
1277,2019-03-15 13:30:29.222513,1.13161,1.13167
1278,2019-03-15 13:30:29.224849,1.13161,1.13167
1279,2019-03-15 13:30:29.236597,1.13161,1.13167
1280,2019-03-15 13:30:29.328917,1.13161,1.13167
1281,2019-03-15 13:30:29.449522,1.13161,1.13167
1282,2019-03-15 13:30:29.561931,1.13161,1.13167
1283,2019-03-15 13:30:29.562457,1.13161,1.13166
1284,2019-03-15 13:30:29.946547,1.13161,1.13166
1285,2019-03-15 13:30:30.077845,1.13161,1.13166
1286,2019-03-15 13:30:30.089530,1.13161,1.13166
1287,2019-03-15 13:30:30.131328,1.13161,1.13166
1288,2019-03-15 13:30:30.131726,1.13161,1.13166
1289,2019-03-15 13:30:30.152493,1.13161,1.13166
1290,2019-03-15 13:30:30.152940,1.13161,1.13167
1291,2019-03-15 13:30:30.170388,1.13161,1.13168
1292,2019-03-15 13:30:30.179012,1.13161,1.13168
1293,2019-03-15 13:30:30.214792,1.13161,1.13168
1294,2019-03-15 13:30:30.235409,1.13162,1.13168
1295,2019-03-15 13:30:30.259386,1.13162,1.13168
1296,2019-03-15 13:30:30.267333,1.13162,1.13168
1297,2019-03-15 13:30:30.268028,1.13161,1.13168
1298,2019-03-15 13:30:30.268338,1.13161,1.13168
1299,2019-03-15 13:30:30.268657,1.13161,1.13168
1300,2019-03-15 13:30:30.290664,1.13161,1.13167
1301,2019-03-15 13:30:30.314032,1.13161,1.13167
1302,2019-03-15 13:30:30.362610,1.13161,1.13167
1303,2019-03-15 13:30:30.505549,1.13161,1.13167
1304,2019-03-15 13:30:30.506010,1.13162,1.13167
1305,2019-03-15 13:30:30.512707,1.13162,1.13167
1306,2019-03-15 13:30:30.513215,1.13162,1.13168
1307,2019-03-15 13:30:30.540030,1.13161,1.13168
1308,2019-03-15 13:30:30.540388,1.13161,1.13168
1309,2019-03-15 13:30:30.540841,1.13162,1.13168
1310,2019-03-15 13:30:30.555887,1.13161,1.13168
1311,2019-03-15 13:30:30.556210,1.13161,1.13168
1312,2019-03-15 13:30:30.640823,1.13161,1.13168
1313,2019-03-15 13:30:30.641127,1.13162,1.13168
1314,2019-03-15 13:30:30.676837,1.13162,1.13168
1315,2019-03-15 13:30:30.677329,1.13166,1.13168
1316,2019-03-15 13:30:30.678463,1.13166,1.13168
1317,2019-03-15 13:30:30.679062,1.13166,1.13168
1318,2019-03-15 13:30:30.679409,1.13162,1.13168
1319,2019-03-15 13:30:30.679827,1.13162,1.13169
1320,2019-03-15 13:30:30.680546,1.13163,1.13169
1321,2019-03-15 13:30:30.680978,1.13163,1.13169
1322,2019-03-15 13:30:30.681263,1.13163,1.13169
1323,2019-03-15 13:30:30.681734,1.13163,1.13169
1324,2019-03-15 13:30:30.682051,1.13163,1.13169
1325,2019-03-15 13:30:30.682214,1.13163,1.13169
1326,2019-03-15 13:30:30.682579,1.13163,1.13169
1327,2019-03-15 13:30:30.685275,1.13163,1.13168
1328,2019-03-15 13:30:30.687540,1.13163,1.13168
1329,2019-03-15 13:30:30.687829,1.13163,1.13169
1330,2019-03-15 13:30:30.689380,1.13163,1.13169
1331,2019-03-15 13:30:30.689737,1.13163,1.13169
1332,2019-03-15 13:30:30.690631,1.13163,1.1317
1333,2019-03-15 13:30:30.691076,1.13163,1.1317
1334,2019-03-15 13:30:30.691805,1.13164,1.1317
1335,2019-03-15 13:30:30.692969,1.13164,1.1317
1336,2019-03-15 13:30:30.693262,1.13164,1.1317
1337,2019-03-15 13:30:30.694210,1.13164,1.1317
1338,2019-03-15 13:30:30.694465,1.13164,1.1317
1339,2019-03-15 13:30:30.696741,1.13164,1.1317
1340,2019-03-15 13:30:30.697214,1.13164,1.1317
1341,2019-03-15 13:30:30.697678,1.13164,1.1317
1342,2019-03-15 13:30:30.698301,1.13164,1.1317
1343,2019-03-15 13:30:30.702060,1.13164,1.1317
1344,2019-03-15 13:30:30.702505,1.13164,1.1317
1345,2019-03-15 13:30:30.703248,1.13164,1.1317
1346,2019-03-15 13:30:30.704329,1.13164,1.1317
1347,2019-03-15 13:30:30.706406,1.13164,1.1317
1348,2019-03-15 13:30:30.723179,1.13164,1.1317
1349,2019-03-15 13:30:30.724181,1.13164,1.1317
1350,2019-03-15 13:30:30.740068,1.13164,1.1317
1351,2019-03-15 13:30:30.749992,1.13164,1.1317
1352,2019-03-15 13:30:30.750255,1.13164,1.1317
1353,2019-03-15 13:30:30.772526,1.13164,1.1317
1354,2019-03-15 13:30:30.773387,1.13164,1.1317
1355,2019-03-15 13:30:30.791542,1.13166,1.1317
1356,2019-03-15 13:30:30.794783,1.13166,1.1317
1357,2019-03-15 13:30:30.799601,1.13164,1.1317
1358,2019-03-15 13:30:30.800089,1.13164,1.1317
1359,2019-03-15 13:30:30.801044,1.13164,1.1317
1360,2019-03-15 13:30:30.801419,1.13164,1.1317
1361,2019-03-15 13:30:30.801706,1.13164,1.1317
1362,2019-03-15 13:30:30.804270,1.13164,1.1317
1363,2019-03-15 13:30:30.810445,1.13164,1.1317
1364,2019-03-15 13:30:30.811027,1.13164,1.1317
1365,2019-03-15 13:30:30.819044,1.13166,1.1317
1366,2019-03-15 13:30:30.821293,1.13166,1.13171
1367,2019-03-15 13:30:30.826463,1.13166,1.13171
1368,2019-03-15 13:30:30.828963,1.13166,1.1317
1369,2019-03-15 13:30:30.841622,1.13166,1.1317
1370,2019-03-15 13:30:30.848111,1.13166,1.1317
1371,2019-03-15 13:30:30.863145,1.13166,1.13171
1372,2019-03-15 13:30:30.874626,1.13166,1.1317
1373,2019-03-15 13:30:30.876351,1.13166,1.1317
1374,2019-03-15 13:30:30.894217,1.13166,1.1317
1375,2019-03-15 13:30:30.944481,1.13166,1.1317
1376,2019-03-15 13:30:30.947899,1.13164,1.1317
1377,2019-03-15 13:30:30.948167,1.13164,1.1317
1378,2019-03-15 13:30:30.948745,1.13164,1.1317
1379,2019-03-15 13:30:30.949213,1.13164,1.13171
1380,2019-03-15 13:30:30.949844,1.13164,1.13169
1381,2019-03-15 13:30:30.950370,1.13164,1.13169
1382,2019-03-15 13:30:30.950892,1.13164,1.13169
1383,2019-03-15 13:30:30.952188,1.13164,1.13169
1384,2019-03-15 13:30:30.956217,1.13164,1.13168
1385,2019-03-15 13:30:30.956708,1.13164,1.13168
1386,2019-03-15 13:30:30.957551,1.13164,1.13168
1387,2019-03-15 13:30:30.959462,1.13164,1.13168
1388,2019-03-15 13:30:30.960007,1.13164,1.13168
1389,2019-03-15 13:30:30.960270,1.13164,1.13168
1390,2019-03-15 13:30:30.960852,1.13164,1.13168
1391,2019-03-15 13:30:30.962159,1.13164,1.13168
1392,2019-03-15 13:30:30.971676,1.13164,1.13168
1393,2019-03-15 13:30:30.972714,1.13164,1.13168
1394,2019-03-15 13:30:31.000502,1.13164,1.13168
1395,2019-03-15 13:30:31.005385,1.13164,1.13168
1396,2019-03-15 13:30:31.023155,1.13164,1.13168
1397,2019-03-15 13:30:31.027170,1.13164,1.13169
1398,2019-03-15 13:30:31.027662,1.13164,1.13169
1399,2019-03-15 13:30:31.028261,1.13164,1.13169
1400,2019-03-15 13:30:31.028960,1.13164,1.13169
1401,2019-03-15 13:30:31.029299,1.13163,1.13169
1402,2019-03-15 13:30:31.030831,1.13163,1.1317
1403,2019-03-15 13:30:31.033270,1.13163,1.1317
1404,2019-03-15 13:30:31.040572,1.13163,1.1317
1405,2019-03-15 13:30:31.041036,1.13163,1.13168
1406,2019-03-15 13:30:31.041353,1.13163,1.13168
1407,2019-03-15 13:30:31.042360,1.13163,1.13168
1408,2019-03-15 13:30:31.043854,1.13163,1.13168
1409,2019-03-15 13:30:31.047226,1.13163,1.13168
1410,2019-03-15 13:30:31.047501,1.13163,1.13167
1411,2019-03-15 13:30:31.048201,1.13162,1.13167
1412,2019-03-15 13:30:31.050506,1.13162,1.13167
1413,2019-03-15 13:30:31.050896,1.13162,1.13167
1414,2019-03-15 13:30:31.051318,1.13162,1.13167
1415,2019-03-15 13:30:31.052490,1.13161,1.13167
1416,2019-03-15 13:30:31.053068,1.13161,1.13167
1417,2019-03-15 13:30:31.054335,1.13161,1.13167
1418,2019-03-15 13:30:31.055462,1.13161,1.13167
1419,2019-03-15 13:30:31.058042,1.13161,1.13167
1420,2019-03-15 13:30:31.059990,1.13161,1.13167
1421,2019-03-15 13:30:31.060878,1.13161,1.13167
1422,2019-03-15 13:30:31.062178,1.1316,1.13167
1423,2019-03-15 13:30:31.067360,1.1316,1.13167
1424,2019-03-15 13:30:31.070233,1.1316,1.13167
1425,2019-03-15 13:30:31.070737,1.13161,1.13167
1426,2019-03-15 13:30:31.074026,1.1316,1.13167
1427,2019-03-15 13:30:31.076363,1.13161,1.13167
1428,2019-03-15 13:30:31.076685,1.13161,1.13167
1429,2019-03-15 13:30:31.082927,1.13161,1.13167
1430,2019-03-15 13:30:31.083601,1.13161,1.13167
1431,2019-03-15 13:30:31.085455,1.13161,1.13167
1432,2019-03-15 13:30:31.085765,1.1316,1.13167
1433,2019-03-15 13:30:31.088602,1.1316,1.13167
1434,2019-03-15 13:30:31.102638,1.1316,1.13167
1435,2019-03-15 13:30:31.105278,1.1316,1.13167
1436,2019-03-15 13:30:31.105835,1.13162,1.13167
1437,2019-03-15 13:30:31.107971,1.13162,1.13167
1438,2019-03-15 13:30:31.120254,1.13162,1.13167
1439,2019-03-15 13:30:31.120774,1.1316,1.13168
1440,2019-03-15 13:30:31.122400,1.1316,1.13168
1441,2019-03-15 13:30:31.122703,1.1316,1.13168
1442,2019-03-15 13:30:31.123012,1.1316,1.13168
1443,2019-03-15 13:30:31.124895,1.1316,1.13168
1444,2019-03-15 13:30:31.125667,1.1316,1.13168
1445,2019-03-15 13:30:31.126284,1.1316,1.13167
1446,2019-03-15 13:30:31.129162,1.1316,1.13167
1447,2019-03-15 13:30:31.130803,1.1316,1.13167
1448,2019-03-15 13:30:31.133599,1.1316,1.13167
1449,2019-03-15 13:30:31.134297,1.1316,1.13167
1450,2019-03-15 13:30:31.134582,1.1316,1.13167
1451,2019-03-15 13:30:31.163071,1.1316,1.13167
1452,2019-03-15 13:30:31.163482,1.13161,1.13167
1453,2019-03-15 13:30:31.164352,1.13161,1.13167
1454,2019-03-15 13:30:31.178989,1.13161,1.13167
1455,2019-03-15 13:30:31.210337,1.13161,1.13167
1456,2019-03-15 13:30:31.260314,1.1316,1.13167
1457,2019-03-15 13:30:31.482032,1.13159,1.13167
1458,2019-03-15 13:30:31.608940,1.13159,1.13167
1459,2019-03-15 13:30:31.636637,1.13159,1.13167
1460,2019-03-15 13:30:31.636959,1.1316,1.13167
1461,2019-03-15 13:30:31.706775,1.1316,1.13167
1462,2019-03-15 13:30:31.774740,1.1316,1.13167
1463,2019-03-15 13:30:31.935825,1.1316,1.13167
1464,2019-03-15 13:30:31.936358,1.1316,1.13166
1465,2019-03-15 13:30:31.938981,1.13159,1.13166
1466,2019-03-15 13:30:31.955800,1.13159,1.13167
1467,2019-03-15 13:30:31.956139,1.13159,1.13167
1468,2019-03-15 13:30:32.040679,1.13159,1.13167
1469,2019-03-15 13:30:32.062640,1.13159,1.13167
1470,2019-03-15 13:30:32.262333,1.13161,1.13167
1471,2019-03-15 13:30:32.263065,1.13161,1.13167
1472,2019-03-15 13:30:32.263709,1.13161,1.13167
1473,2019-03-15 13:30:32.794670,1.13161,1.13168
1474,2019-03-15 13:30:32.855530,1.13161,1.13168
1475,2019-03-15 13:30:32.876563,1.13161,1.13168
1476,2019-03-15 13:30:32.877149,1.13161,1.13168
1477,2019-03-15 13:30:32.877648,1.13162,1.13168
1478,2019-03-15 13:30:32.885947,1.13162,1.13168
1479,2019-03-15 13:30:32.886400,1.13162,1.13168
1480,2019-03-15 13:30:32.887181,1.13162,1.13168
1481,2019-03-15 13:30:32.887745,1.13162,1.13168
1482,2019-03-15 13:30:32.888104,1.13162,1.13168
1483,2019-03-15 13:30:32.888473,1.13162,1.13168
1484,2019-03-15 13:30:32.890101,1.13162,1.13168
1485,2019-03-15 13:30:32.890376,1.13162,1.13168
1486,2019-03-15 13:30:32.890768,1.13162,1.13168
1487,2019-03-15 13:30:33.016520,1.13162,1.13168
1488,2019-03-15 13:30:33.017046,1.13162,1.13168
1489,2019-03-15 13:30:33.092735,1.13162,1.13168
1490,2019-03-15 13:30:33.093103,1.13162,1.13168
1491,2019-03-15 13:30:33.095309,1.13162,1.13168
1492,2019-03-15 13:30:33.102452,1.13162,1.13168
1493,2019-03-15 13:30:33.109626,1.13162,1.13168
1494,2019-03-15 13:30:33.224641,1.13162,1.13168
1495,2019-03-15 13:30:33.225796,1.13162,1.13168
1496,2019-03-15 13:30:33.226154,1.13162,1.13169
1497,2019-03-15 13:30:33.226538,1.13162,1.13169
1498,2019-03-15 13:30:33.752748,1.13162,1.13169
1499,2019-03-15 13:30:33.953055,1.13162,1.13168
1500,2019-03-15 13:30:33.954561,1.13162,1.13168
1501,2019-03-15 13:30:33.954995,1.13161,1.13168
1502,2019-03-15 13:30:33.956553,1.13161,1.13168
1503,2019-03-15 13:30:33.957857,1.13161,1.13168
1504,2019-03-15 13:30:33.958313,1.13161,1.13168
1505,2019-03-15 13:30:33.980757,1.13161,1.13168
1506,2019-03-15 13:30:33.981035,1.13161,1.13169
1507,2019-03-15 13:30:33.981842,1.13161,1.13168
1508,2019-03-15 13:30:33.982255,1.13161,1.13168
1509,2019-03-15 13:30:33.982597,1.13162,1.13169
1510,2019-03-15 13:30:33.982886,1.13162,1.13169
1511,2019-03-15 13:30:33.983250,1.13162,1.13169
1512,2019-03-15 13:30:33.983567,1.13162,1.13169
1513,2019-03-15 13:30:33.983897,1.13162,1.13169
1514,2019-03-15 13:30:33.984419,1.13162,1.13169
1515,2019-03-15 13:30:33.984872,1.13162,1.13169
1516,2019-03-15 13:30:33.987356,1.13162,1.13169
1517,2019-03-15 13:30:33.994353,1.13162,1.13169
1518,2019-03-15 13:30:33.995263,1.13162,1.13169
1519,2019-03-15 13:30:34.108168,1.13166,1.13169
1520,2019-03-15 13:30:34.108447,1.13166,1.13169
1521,2019-03-15 13:30:34.110090,1.13166,1.1317
1522,2019-03-15 13:30:34.110435,1.13166,1.13169
1523,2019-03-15 13:30:34.111066,1.13166,1.1317
1524,2019-03-15 13:30:34.112709,1.13166,1.1317
1525,2019-03-15 13:30:34.117142,1.13166,1.1317
1526,2019-03-15 13:30:34.117434,1.13166,1.1317
1527,2019-03-15 13:30:34.118712,1.13166,1.1317
1528,2019-03-15 13:30:34.120448,1.13166,1.1317
1529,2019-03-15 13:30:34.120871,1.13166,1.13169
1530,2019-03-15 13:30:34.121174,1.13166,1.13169
1531,2019-03-15 13:30:34.122342,1.13166,1.13169
1532,2019-03-15 13:30:34.126425,1.13166,1.13169
1533,2019-03-15 13:30:34.131972,1.13166,1.13169
1534,2019-03-15 13:30:34.134145,1.13166,1.13169
1535,2019-03-15 13:30:34.139488,1.13166,1.13171
1536,2019-03-15 13:30:34.163603,1.13166,1.13171
1537,2019-03-15 13:30:34.167359,1.13166,1.13171
1538,2019-03-15 13:30:34.171961,1.13166,1.13171
1539,2019-03-15 13:30:34.172195,1.13166,1.1317
1540,2019-03-15 13:30:34.487930,1.13166,1.1317
1541,2019-03-15 13:30:34.503847,1.13166,1.1317
1542,2019-03-15 13:30:34.534835,1.13166,1.1317
1543,2019-03-15 13:30:34.582764,1.13166,1.1317
1544,2019-03-15 13:30:34.617359,1.13166,1.1317
1545,2019-03-15 13:30:34.728762,1.13166,1.1317
1546,2019-03-15 13:30:34.729249,1.13166,1.13169
1547,2019-03-15 13:30:34.767292,1.13166,1.1317
1548,2019-03-15 13:30:34.767596,1.13166,1.1317
1549,2019-03-15 13:30:34.780246,1.13166,1.1317
1550,2019-03-15 13:30:34.780749,1.13166,1.13171
1551,2019-03-15 13:30:34.809981,1.13166,1.13169
1552,2019-03-15 13:30:34.879562,1.13166,1.13171
1553,2019-03-15 13:30:34.880106,1.13166,1.1317
1554,2019-03-15 13:30:35.022825,1.13166,1.13171
1555,2019-03-15 13:30:35.046499,1.13166,1.13171
1556,2019-03-15 13:30:35.048177,1.13166,1.13171
1557,2019-03-15 13:30:35.075790,1.13166,1.13171
1558,2019-03-15 13:30:35.083037,1.13166,1.13171
1559,2019-03-15 13:30:35.083315,1.13166,1.13171
1560,2019-03-15 13:30:35.094415,1.13166,1.13171
1561,2019-03-15 13:30:35.116571,1.13166,1.13171
1562,2019-03-15 13:30:35.132291,1.13166,1.13171
1563,2019-03-15 13:30:35.132752,1.13166,1.13171
1564,2019-03-15 13:30:35.140060,1.13166,1.13172
1565,2019-03-15 13:30:35.140596,1.13166,1.13171
1566,2019-03-15 13:30:35.157418,1.13166,1.13171
1567,2019-03-15 13:30:35.157760,1.13166,1.13171
1568,2019-03-15 13:30:35.158078,1.13166,1.13172
1569,2019-03-15 13:30:35.158540,1.13166,1.13172
1570,2019-03-15 13:30:35.159828,1.13166,1.13172
1571,2019-03-15 13:30:35.183070,1.13166,1.13172
1572,2019-03-15 13:30:35.183462,1.13166,1.13172
1573,2019-03-15 13:30:35.237136,1.13166,1.13172
1574,2019-03-15 13:30:35.277612,1.13166,1.13172
1575,2019-03-15 13:30:35.283574,1.13166,1.13172
1576,2019-03-15 13:30:35.324277,1.13166,1.13171
1577,2019-03-15 13:30:35.430688,1.13166,1.13171
1578,2019-03-15 13:30:35.440311,1.13166,1.13171
1579,2019-03-15 13:30:35.502876,1.13166,1.13171
1580,2019-03-15 13:30:35.791713,1.13166,1.13171
1581,2019-03-15 13:30:36.045637,1.13166,1.13171
1582,2019-03-15 13:30:36.109857,1.13166,1.13171
1583,2019-03-15 13:30:36.266746,1.13166,1.13171
1584,2019-03-15 13:30:36.392084,1.13166,1.13171
1585,2019-03-15 13:30:36.654445,1.13166,1.13172
1586,2019-03-15 13:30:36.654999,1.13166,1.13172
1587,2019-03-15 13:30:36.655573,1.13166,1.13172
1588,2019-03-15 13:30:37.005281,1.13166,1.13172
1589,2019-03-15 13:30:37.006031,1.13166,1.13171
1590,2019-03-15 13:30:37.039419,1.13166,1.13171
1591,2019-03-15 13:30:37.068109,1.13166,1.13171
1592,2019-03-15 13:30:37.071632,1.13166,1.13171
1593,2019-03-15 13:30:37.074375,1.13166,1.13171
1594,2019-03-15 13:30:37.100262,1.13166,1.13171
1595,2019-03-15 13:30:37.202290,1.13166,1.13171
1596,2019-03-15 13:30:37.506312,1.13166,1.13171
1597,2019-03-15 13:30:37.751320,1.13166,1.13171
1598,2019-03-15 13:30:37.838643,1.13166,1.13171
1599,2019-03-15 13:30:38.007267,1.13166,1.13171
1600,2019-03-15 13:30:38.169408,1.13166,1.13171
1601,2019-03-15 13:30:38.169906,1.13166,1.13172
1602,2019-03-15 13:30:38.460231,1.13166,1.13172
1603,2019-03-15 13:30:38.570493,1.13166,1.13172
1604,2019-03-15 13:30:38.570758,1.13166,1.13172
1605,2019-03-15 13:30:38.571119,1.13166,1.13172
1606,2019-03-15 13:30:38.571413,1.13166,1.13172
1607,2019-03-15 13:30:38.877273,1.13166,1.13172
1608,2019-03-15 13:30:38.877833,1.13166,1.13172
1609,2019-03-15 13:30:38.878165,1.13166,1.13173
1610,2019-03-15 13:30:38.878423,1.13166,1.13173
1611,2019-03-15 13:30:38.878832,1.13166,1.13173
1612,2019-03-15 13:30:38.879155,1.13166,1.13173
1613,2019-03-15 13:30:38.879678,1.13166,1.13172
1614,2019-03-15 13:30:38.880022,1.13166,1.13172
1615,2019-03-15 13:30:38.880476,1.13166,1.13172
1616,2019-03-15 13:30:38.881776,1.13166,1.13172
1617,2019-03-15 13:30:38.882171,1.13166,1.13173
1618,2019-03-15 13:30:38.883860,1.13166,1.13173
1619,2019-03-15 13:30:38.899819,1.13166,1.13172
1620,2019-03-15 13:30:38.900261,1.13166,1.13172
1621,2019-03-15 13:30:38.957218,1.13166,1.13172
1622,2019-03-15 13:30:38.960516,1.13166,1.13172
1623,2019-03-15 13:30:38.960899,1.13166,1.13172
1624,2019-03-15 13:30:38.961249,1.13166,1.13172
1625,2019-03-15 13:30:38.961543,1.13166,1.13172
1626,2019-03-15 13:30:38.961856,1.13166,1.13172
1627,2019-03-15 13:30:38.962222,1.13166,1.13171
1628,2019-03-15 13:30:39.040830,1.13166,1.13171
1629,2019-03-15 13:30:39.041174,1.13166,1.13171
1630,2019-03-15 13:30:39.042073,1.13166,1.13172
1631,2019-03-15 13:30:39.050348,1.13166,1.13172
1632,2019-03-15 13:30:39.050895,1.13166,1.13172
1633,2019-03-15 13:30:39.081692,1.13166,1.13172
1634,2019-03-15 13:30:39.088847,1.13166,1.13172
1635,2019-03-15 13:30:39.089182,1.13167,1.13172
1636,2019-03-15 13:30:39.089600,1.13167,1.13172
1637,2019-03-15 13:30:39.090076,1.13167,1.13173
1638,2019-03-15 13:30:39.126113,1.13167,1.13172
1639,2019-03-15 13:30:39.126731,1.13167,1.13172
1640,2019-03-15 13:30:39.159871,1.13167,1.13172
1641,2019-03-15 13:30:39.160416,1.13167,1.13173
1642,2019-03-15 13:30:39.176997,1.13166,1.13173
1643,2019-03-15 13:30:39.177337,1.13166,1.13173
1644,2019-03-15 13:30:39.178406,1.13166,1.13173
1645,2019-03-15 13:30:39.179026,1.13166,1.13173
1646,2019-03-15 13:30:39.179566,1.13166,1.13172
1647,2019-03-15 13:30:39.180068,1.13166,1.13171
1648,2019-03-15 13:30:39.180325,1.13166,1.13171
1649,2019-03-15 13:30:39.181180,1.13166,1.13171
1650,2019-03-15 13:30:39.187147,1.13166,1.13171
1651,2019-03-15 13:30:39.187736,1.13165,1.13171
1652,2019-03-15 13:30:39.195072,1.13165,1.13171
1653,2019-03-15 13:30:39.195390,1.13165,1.13171
1654,2019-03-15 13:30:39.212692,1.13165,1.13171
1655,2019-03-15 13:30:39.212987,1.13165,1.13171
1656,2019-03-15 13:30:39.217116,1.13167,1.13171
1657,2019-03-15 13:30:39.217435,1.13167,1.13171
1658,2019-03-15 13:30:39.217967,1.13167,1.13171
1659,2019-03-15 13:30:39.218330,1.13167,1.13171
1660,2019-03-15 13:30:39.224452,1.13165,1.13171
1661,2019-03-15 13:30:39.224761,1.13165,1.13171
1662,2019-03-15 13:30:39.225080,1.13165,1.13171
1663,2019-03-15 13:30:39.225417,1.13165,1.13171
1664,2019-03-15 13:30:39.225770,1.13165,1.13171
1665,2019-03-15 13:30:39.233055,1.13165,1.13171
1666,2019-03-15 13:30:39.240236,1.13165,1.13171
1667,2019-03-15 13:30:39.240568,1.13167,1.13171
1668,2019-03-15 13:30:39.241249,1.13167,1.13171
1669,2019-03-15 13:30:39.283307,1.13165,1.13171
1670,2019-03-15 13:30:39.283790,1.13166,1.13171
1671,2019-03-15 13:30:39.284124,1.13166,1.13171
1672,2019-03-15 13:30:39.284421,1.13166,1.13171
1673,2019-03-15 13:30:39.318728,1.13165,1.13171
1674,2019-03-15 13:30:39.319109,1.13165,1.13171
1675,2019-03-15 13:30:39.362813,1.13165,1.13171
1676,2019-03-15 13:30:39.363133,1.13166,1.13171
1677,2019-03-15 13:30:39.459962,1.13165,1.13171
1678,2019-03-15 13:30:39.460347,1.13165,1.13171
1679,2019-03-15 13:30:39.495341,1.13165,1.13171
1680,2019-03-15 13:30:39.495848,1.13164,1.13171
1681,2019-03-15 13:30:39.562288,1.13166,1.13171
1682,2019-03-15 13:30:39.599057,1.13166,1.13171
1683,2019-03-15 13:30:39.664513,1.13164,1.13171
1684,2019-03-15 13:30:39.664821,1.13165,1.13171
1685,2019-03-15 13:30:39.690583,1.13165,1.13171
1686,2019-03-15 13:30:39.695639,1.13165,1.13171
1687,2019-03-15 13:30:39.695913,1.13167,1.13171
1688,2019-03-15 13:30:39.696264,1.13167,1.13171
1689,2019-03-15 13:30:39.696558,1.13167,1.13171
1690,2019-03-15 13:30:39.696993,1.13167,1.13171
1691,2019-03-15 13:30:39.738669,1.13167,1.13171
1692,2019-03-15 13:30:39.739280,1.13167,1.13171
1693,2019-03-15 13:30:39.749666,1.13165,1.13171
1694,2019-03-15 13:30:39.749955,1.13166,1.13171
1695,2019-03-15 13:30:39.750581,1.13166,1.13171
1696,2019-03-15 13:30:39.891302,1.13165,1.13171
1697,2019-03-15 13:30:39.891656,1.13165,1.13171
1698,2019-03-15 13:30:39.901680,1.13165,1.13171
1699,2019-03-15 13:30:39.980292,1.13165,1.13171
1700,2019-03-15 13:30:39.980579,1.13164,1.13171
1701,2019-03-15 13:30:40.178950,1.13165,1.13171
1702,2019-03-15 13:30:40.822754,1.13164,1.13171
1703,2019-03-15 13:30:40.921356,1.13164,1.13171
1704,2019-03-15 13:30:40.995075,1.13164,1.13171
1705,2019-03-15 13:30:40.996991,1.13164,1.13171
1706,2019-03-15 13:30:41.007979,1.13164,1.13171
1707,2019-03-15 13:30:41.018324,1.13164,1.13171
1708,2019-03-15 13:30:41.078088,1.13164,1.13171
1709,2019-03-15 13:30:41.144711,1.13165,1.13171
1710,2019-03-15 13:30:41.183450,1.13165,1.13171
1711,2019-03-15 13:30:41.184798,1.13165,1.13171
1712,2019-03-15 13:30:41.185088,1.13165,1.13171
1713,2019-03-15 13:30:41.275379,1.13165,1.13173
1714,2019-03-15 13:30:41.276494,1.13165,1.13172
1715,2019-03-15 13:30:41.277064,1.13165,1.13172
1716,2019-03-15 13:30:41.277393,1.13165,1.13172
1717,2019-03-15 13:30:41.277786,1.13165,1.13172
1718,2019-03-15 13:30:41.278363,1.13165,1.13178
1719,2019-03-15 13:30:41.282794,1.13165,1.13173
1720,2019-03-15 13:30:41.285269,1.13165,1.13173
1721,2019-03-15 13:30:41.299573,1.13165,1.13173
1722,2019-03-15 13:30:41.299887,1.13165,1.13172
1723,2019-03-15 13:30:41.300558,1.13165,1.13173
1724,2019-03-15 13:30:41.301278,1.13165,1.13175
1725,2019-03-15 13:30:41.338389,1.13165,1.13175
1726,2019-03-15 13:30:41.338712,1.13166,1.13175
1727,2019-03-15 13:30:41.339181,1.13166,1.13172
1728,2019-03-15 13:30:41.340505,1.13166,1.13173
1729,2019-03-15 13:30:41.344996,1.13166,1.13173
1730,2019-03-15 13:30:41.345298,1.13166,1.13172
1731,2019-03-15 13:30:41.346513,1.13166,1.13172
1732,2019-03-15 13:30:41.347655,1.13166,1.13172
1733,2019-03-15 13:30:41.348448,1.13166,1.13172
1734,2019-03-15 13:30:41.348970,1.13166,1.13173
1735,2019-03-15 13:30:41.353770,1.13166,1.13173
1736,2019-03-15 13:30:41.365511,1.13166,1.13173
1737,2019-03-15 13:30:41.366596,1.13166,1.13173
1738,2019-03-15 13:30:41.382070,1.13166,1.13173
1739,2019-03-15 13:30:41.411461,1.13166,1.13173
1740,2019-03-15 13:30:41.411971,1.13166,1.13173
1741,2019-03-15 13:30:41.413486,1.13166,1.13173
1742,2019-03-15 13:30:41.490271,1.13166,1.13172
1743,2019-03-15 13:30:41.491904,1.13165,1.13172
1744,2019-03-15 13:30:41.492368,1.13165,1.13172
1745,2019-03-15 13:30:41.528304,1.13165,1.13172
1746,2019-03-15 13:30:41.782863,1.13165,1.13172
1747,2019-03-15 13:30:41.783330,1.13165,1.13172
1748,2019-03-15 13:30:41.885553,1.13164,1.13172
1749,2019-03-15 13:30:42.196424,1.13164,1.13172
1750,2019-03-15 13:30:42.196975,1.13164,1.13172
1751,2019-03-15 13:30:42.211090,1.13164,1.13172
1752,2019-03-15 13:30:42.265699,1.13165,1.13172
1753,2019-03-15 13:30:42.266710,1.13165,1.13172
1754,2019-03-15 13:30:42.267014,1.13165,1.13172
1755,2019-03-15 13:30:42.282235,1.13165,1.13172
1756,2019-03-15 13:30:42.600380,1.13165,1.13172
1757,2019-03-15 13:30:42.602385,1.13165,1.13171
1758,2019-03-15 13:30:42.603917,1.13164,1.13171
1759,2019-03-15 13:30:42.606871,1.13164,1.13171
1760,2019-03-15 13:30:42.610307,1.13164,1.13171
1761,2019-03-15 13:30:42.613162,1.13164,1.13171
1762,2019-03-15 13:30:42.613532,1.13162,1.13171
1763,2019-03-15 13:30:42.613886,1.13162,1.13171
1764,2019-03-15 13:30:42.620534,1.13162,1.13171
1765,2019-03-15 13:30:42.643977,1.13165,1.13171
1766,2019-03-15 13:30:42.674020,1.13165,1.13171
1767,2019-03-15 13:30:42.674673,1.13165,1.13171
1768,2019-03-15 13:30:42.676366,1.13165,1.13171
1769,2019-03-15 13:30:42.679659,1.13164,1.13171
1770,2019-03-15 13:30:42.680296,1.13164,1.13171
1771,2019-03-15 13:30:42.680619,1.13164,1.13171
1772,2019-03-15 13:30:42.681040,1.13164,1.13171
1773,2019-03-15 13:30:42.681657,1.13164,1.13171
1774,2019-03-15 13:30:42.690302,1.13163,1.13171
1775,2019-03-15 13:30:42.691455,1.13163,1.13171
1776,2019-03-15 13:30:42.698685,1.13163,1.13171
1777,2019-03-15 13:30:42.698996,1.13163,1.13171
1778,2019-03-15 13:30:42.705638,1.13163,1.13171
1779,2019-03-15 13:30:42.705990,1.13163,1.13171
1780,2019-03-15 13:30:42.706617,1.13163,1.13171
1781,2019-03-15 13:30:42.706902,1.13161,1.13171
1782,2019-03-15 13:30:42.707449,1.13161,1.13171
1783,2019-03-15 13:30:42.708083,1.13162,1.13171
1784,2019-03-15 13:30:42.708364,1.13162,1.13167
1785,2019-03-15 13:30:42.709667,1.13162,1.13167
1786,2019-03-15 13:30:42.710402,1.13162,1.13167
1787,2019-03-15 13:30:42.711582,1.13161,1.13167
1788,2019-03-15 13:30:42.717305,1.13161,1.13167
1789,2019-03-15 13:30:42.718719,1.13161,1.13167
1790,2019-03-15 13:30:42.719101,1.13163,1.13167
1791,2019-03-15 13:30:42.721708,1.13162,1.13167
1792,2019-03-15 13:30:42.722596,1.13162,1.13167
1793,2019-03-15 13:30:42.724154,1.13161,1.13167
1794,2019-03-15 13:30:42.725138,1.13163,1.13167
1795,2019-03-15 13:30:42.725918,1.13161,1.13167
1796,2019-03-15 13:30:42.727435,1.1316,1.13167
1797,2019-03-15 13:30:42.727835,1.1316,1.13167
1798,2019-03-15 13:30:42.728855,1.13162,1.13167
1799,2019-03-15 13:30:42.729367,1.13162,1.13167
1800,2019-03-15 13:30:42.730337,1.13161,1.13167
1801,2019-03-15 13:30:42.730718,1.13161,1.13167
1802,2019-03-15 13:30:42.732734,1.13161,1.13167
1803,2019-03-15 13:30:42.733282,1.13162,1.13167
1804,2019-03-15 13:30:42.734243,1.13162,1.13167
1805,2019-03-15 13:30:42.734501,1.13162,1.13167
1806,2019-03-15 13:30:42.734860,1.13162,1.13167
1807,2019-03-15 13:30:42.737063,1.13162,1.13167
1808,2019-03-15 13:30:42.738502,1.13162,1.13167
1809,2019-03-15 13:30:42.739025,1.13161,1.13167
1810,2019-03-15 13:30:42.740906,1.13161,1.13167
1811,2019-03-15 13:30:42.749139,1.13161,1.13167
1812,2019-03-15 13:30:42.749994,1.13161,1.13167
1813,2019-03-15 13:30:42.751608,1.13162,1.13167
1814,2019-03-15 13:30:42.755331,1.13162,1.13167
1815,2019-03-15 13:30:42.755883,1.13162,1.13167
1816,2019-03-15 13:30:42.757762,1.13162,1.13167
1817,2019-03-15 13:30:42.759275,1.13162,1.13167
1818,2019-03-15 13:30:42.811712,1.13162,1.13167
1819,2019-03-15 13:30:42.812136,1.13161,1.13167
1820,2019-03-15 13:30:42.814313,1.13161,1.13167
1821,2019-03-15 13:30:42.944816,1.13161,1.13167
1822,2019-03-15 13:30:42.995582,1.13161,1.13167
1823,2019-03-15 13:30:43.020760,1.13161,1.13167
1824,2019-03-15 13:30:43.064510,1.13161,1.13167
1825,2019-03-15 13:30:43.064866,1.13161,1.13167
1826,2019-03-15 13:30:43.065474,1.13161,1.13167
1827,2019-03-15 13:30:43.065733,1.13161,1.13167
1828,2019-03-15 13:30:43.067295,1.13161,1.13167
1829,2019-03-15 13:30:43.069279,1.1316,1.13167
1830,2019-03-15 13:30:43.069715,1.1316,1.13167
1831,2019-03-15 13:30:43.081542,1.13162,1.13167
1832,2019-03-15 13:30:43.099961,1.13162,1.13167
1833,2019-03-15 13:30:43.108360,1.13162,1.13167
1834,2019-03-15 13:30:43.152298,1.13162,1.13167
1835,2019-03-15 13:30:43.276655,1.13161,1.13167
1836,2019-03-15 13:30:43.303251,1.13161,1.13167
1837,2019-03-15 13:30:43.303844,1.13161,1.13167
1838,2019-03-15 13:30:43.320839,1.13161,1.13167
1839,2019-03-15 13:30:43.326486,1.1316,1.13167
1840,2019-03-15 13:30:43.334481,1.1316,1.13167
1841,2019-03-15 13:30:43.335323,1.1316,1.13167
1842,2019-03-15 13:30:43.337625,1.1316,1.13167
1843,2019-03-15 13:30:43.345309,1.1316,1.13167
1844,2019-03-15 13:30:43.345825,1.13159,1.13167
1845,2019-03-15 13:30:43.346214,1.13159,1.13167
1846,2019-03-15 13:30:43.350943,1.1316,1.13167
1847,2019-03-15 13:30:43.351408,1.1316,1.13167
1848,2019-03-15 13:30:43.354445,1.1316,1.13167
1849,2019-03-15 13:30:43.354771,1.1316,1.13166
1850,2019-03-15 13:30:43.355543,1.1316,1.13166
1851,2019-03-15 13:30:43.357908,1.13161,1.13166
1852,2019-03-15 13:30:43.361645,1.13161,1.13166
1853,2019-03-15 13:30:43.362627,1.13161,1.13166
1854,2019-03-15 13:30:43.362976,1.13161,1.13166
1855,2019-03-15 13:30:43.374547,1.13161,1.13167
1856,2019-03-15 13:30:43.374897,1.13161,1.13164
1857,2019-03-15 13:30:43.375255,1.13161,1.13164
1858,2019-03-15 13:30:43.375539,1.13161,1.13164
1859,2019-03-15 13:30:43.377116,1.13161,1.13164
1860,2019-03-15 13:30:43.388242,1.13161,1.13164
1861,2019-03-15 13:30:43.393782,1.13161,1.13166
1862,2019-03-15 13:30:43.394146,1.13161,1.13165
1863,2019-03-15 13:30:43.394440,1.13161,1.13165
1864,2019-03-15 13:30:43.413428,1.13161,1.13165
1865,2019-03-15 13:30:43.413819,1.1316,1.13165
1866,2019-03-15 13:30:43.426808,1.1316,1.13166
1867,2019-03-15 13:30:43.427339,1.1316,1.13166
1868,2019-03-15 13:30:43.490165,1.1316,1.13166
1869,2019-03-15 13:30:43.499336,1.1316,1.13166
1870,2019-03-15 13:30:43.501370,1.1316,1.13166
1871,2019-03-15 13:30:43.613434,1.1316,1.13166
1872,2019-03-15 13:30:43.613880,1.1316,1.13166
1873,2019-03-15 13:30:43.614211,1.1316,1.13166
1874,2019-03-15 13:30:43.627975,1.1316,1.13166
1875,2019-03-15 13:30:43.726824,1.1316,1.13166
1876,2019-03-15 13:30:43.727439,1.1316,1.13166
1877,2019-03-15 13:30:43.739876,1.1316,1.13166
1878,2019-03-15 13:30:43.740153,1.1316,1.13165
1879,2019-03-15 13:30:43.812488,1.1316,1.13166
1880,2019-03-15 13:30:43.812888,1.1316,1.13166
1881,2019-03-15 13:30:43.813224,1.1316,1.13166
1882,2019-03-15 13:30:43.890852,1.1316,1.13166
1883,2019-03-15 13:30:44.127348,1.1316,1.13166
1884,2019-03-15 13:30:44.127847,1.1316,1.13166
1885,2019-03-15 13:30:44.128179,1.1316,1.13166
1886,2019-03-15 13:30:44.128414,1.13161,1.13167
1887,2019-03-15 13:30:44.129528,1.13161,1.13167
1888,2019-03-15 13:30:44.130036,1.13162,1.13167
1889,2019-03-15 13:30:44.131002,1.13162,1.13167
1890,2019-03-15 13:30:44.131348,1.13162,1.13167
1891,2019-03-15 13:30:44.131764,1.13162,1.13168
1892,2019-03-15 13:30:44.132755,1.13162,1.13168
1893,2019-03-15 13:30:44.133072,1.13162,1.13166
1894,2019-03-15 13:30:44.133470,1.13162,1.13166
1895,2019-03-15 13:30:44.135514,1.13162,1.13168
1896,2019-03-15 13:30:44.136070,1.13162,1.13168
1897,2019-03-15 13:30:44.136445,1.13162,1.13168
1898,2019-03-15 13:30:44.137240,1.13162,1.13168
1899,2019-03-15 13:30:44.138158,1.13162,1.13168
1900,2019-03-15 13:30:44.139336,1.13162,1.13168
1901,2019-03-15 13:30:44.139614,1.13162,1.13168
1902,2019-03-15 13:30:44.140456,1.13162,1.13168
1903,2019-03-15 13:30:44.141314,1.13162,1.13167
1904,2019-03-15 13:30:44.143494,1.13162,1.13167
1905,2019-03-15 13:30:44.144528,1.13162,1.13167
1906,2019-03-15 13:30:44.145288,1.13162,1.13168
1907,2019-03-15 13:30:44.146630,1.13162,1.13168
1908,2019-03-15 13:30:44.147427,1.13162,1.13168
1909,2019-03-15 13:30:44.148523,1.13162,1.13167
1910,2019-03-15 13:30:44.148988,1.13162,1.13167
1911,2019-03-15 13:30:44.150282,1.13162,1.13167
1912,2019-03-15 13:30:44.155863,1.13162,1.13167
1913,2019-03-15 13:30:44.156240,1.13162,1.13166
1914,2019-03-15 13:30:44.156781,1.13162,1.13167
1915,2019-03-15 13:30:44.157153,1.13162,1.13167
1916,2019-03-15 13:30:44.161661,1.13162,1.13167
1917,2019-03-15 13:30:44.162004,1.13162,1.13167
1918,2019-03-15 13:30:44.172020,1.13162,1.13167
1919,2019-03-15 13:30:44.174538,1.13162,1.13167
1920,2019-03-15 13:30:44.175678,1.13162,1.13167
1921,2019-03-15 13:30:44.188452,1.13162,1.13167
1922,2019-03-15 13:30:44.209325,1.13162,1.13167
1923,2019-03-15 13:30:44.209708,1.13162,1.13167
1924,2019-03-15 13:30:44.218571,1.13162,1.13167
1925,2019-03-15 13:30:44.236838,1.13162,1.13167
1926,2019-03-15 13:30:44.237260,1.13162,1.13167
1927,2019-03-15 13:30:44.237724,1.13162,1.13167
1928,2019-03-15 13:30:44.245884,1.13162,1.13167
1929,2019-03-15 13:30:44.246380,1.13162,1.13167
1930,2019-03-15 13:30:44.246890,1.13162,1.13167
1931,2019-03-15 13:30:44.247921,1.13162,1.13168
1932,2019-03-15 13:30:44.299732,1.13161,1.13168
1933,2019-03-15 13:30:44.300044,1.13161,1.13168
1934,2019-03-15 13:30:44.311404,1.13161,1.13168
1935,2019-03-15 13:30:44.311858,1.13161,1.13168
1936,2019-03-15 13:30:44.312202,1.13161,1.13167
1937,2019-03-15 13:30:44.312522,1.13161,1.13167
1938,2019-03-15 13:30:44.333117,1.13161,1.13167
1939,2019-03-15 13:30:44.333516,1.13161,1.13167
1940,2019-03-15 13:30:44.338227,1.13161,1.13167
1941,2019-03-15 13:30:44.338583,1.13161,1.13167
1942,2019-03-15 13:30:44.345370,1.13161,1.13167
1943,2019-03-15 13:30:44.345970,1.13161,1.13167
1944,2019-03-15 13:30:44.346734,1.13161,1.13167
1945,2019-03-15 13:30:44.347252,1.13161,1.13167
1946,2019-03-15 13:30:44.347651,1.13161,1.13168
1947,2019-03-15 13:30:44.350089,1.13161,1.13168
1948,2019-03-15 13:30:44.354234,1.13161,1.13168
1949,2019-03-15 13:30:44.370974,1.13161,1.13167
1950,2019-03-15 13:30:44.372141,1.13161,1.13168
1951,2019-03-15 13:30:44.381983,1.13161,1.13167
1952,2019-03-15 13:30:44.383751,1.13161,1.13167
1953,2019-03-15 13:30:44.391517,1.13161,1.13168
1954,2019-03-15 13:30:44.536264,1.13161,1.13168
1955,2019-03-15 13:30:44.821862,1.13161,1.13168
1956,2019-03-15 13:30:44.881885,1.13161,1.13168
1957,2019-03-15 13:30:44.882257,1.13161,1.13168
1958,2019-03-15 13:30:45.363048,1.13161,1.13168
1959,2019-03-15 13:30:45.382024,1.13161,1.13168
1960,2019-03-15 13:30:45.429103,1.13161,1.13168
1961,2019-03-15 13:30:45.429508,1.13161,1.13168
1962,2019-03-15 13:30:45.549231,1.13161,1.13168
1963,2019-03-15 13:30:45.688842,1.13161,1.13168
1964,2019-03-15 13:30:45.689685,1.13161,1.13169
1965,2019-03-15 13:30:45.690161,1.13162,1.13169
1966,2019-03-15 13:30:45.691604,1.13162,1.13169
1967,2019-03-15 13:30:45.691974,1.13162,1.13169
1968,2019-03-15 13:30:45.692374,1.13162,1.13169
1969,2019-03-15 13:30:45.692898,1.13162,1.13169
1970,2019-03-15 13:30:45.693075,1.13163,1.13169
1971,2019-03-15 13:30:45.694157,1.13163,1.13169
1972,2019-03-15 13:30:45.697003,1.13163,1.13169
1973,2019-03-15 13:30:45.697516,1.13166,1.13169
1974,2019-03-15 13:30:45.697892,1.13166,1.13169
1975,2019-03-15 13:30:45.698255,1.13166,1.13169
1976,2019-03-15 13:30:45.698728,1.13166,1.13169
1977,2019-03-15 13:30:45.699308,1.13166,1.13169
1978,2019-03-15 13:30:45.699562,1.13166,1.13169
1979,2019-03-15 13:30:45.699905,1.13166,1.13169
1980,2019-03-15 13:30:45.700374,1.13166,1.13169
1981,2019-03-15 13:30:45.700647,1.13163,1.13169
1982,2019-03-15 13:30:45.701128,1.13163,1.13169
1983,2019-03-15 13:30:45.701671,1.13163,1.13169
1984,2019-03-15 13:30:45.703321,1.13163,1.13169
1985,2019-03-15 13:30:45.703738,1.13164,1.13169
1986,2019-03-15 13:30:45.704178,1.13164,1.1317
1987,2019-03-15 13:30:45.706664,1.13164,1.1317
1988,2019-03-15 13:30:45.707890,1.13164,1.1317
1989,2019-03-15 13:30:45.708144,1.13164,1.1317
1990,2019-03-15 13:30:45.708936,1.13164,1.13169
1991,2019-03-15 13:30:45.712402,1.13164,1.13169
1992,2019-03-15 13:30:45.713720,1.13164,1.13169
1993,2019-03-15 13:30:45.715679,1.13166,1.13169
1994,2019-03-15 13:30:45.717206,1.13166,1.13169
1995,2019-03-15 13:30:45.723876,1.13166,1.1317
1996,2019-03-15 13:30:45.726797,1.13166,1.1317
1997,2019-03-15 13:30:45.727106,1.13166,1.1317
1998,2019-03-15 13:30:45.759269,1.13166,1.1317
1999,2019-03-15 13:30:45.759760,1.13166,1.1317
2000,2019-03-15 13:30:45.769899,1.13166,1.1317
2001,2019-03-15 13:30:45.779599,1.13166,1.1317
2002,2019-03-15 13:30:45.806787,1.13166,1.1317
2003,2019-03-15 13:30:45.870563,1.13166,1.1317
2004,2019-03-15 13:30:45.871649,1.13166,1.1317
2005,2019-03-15 13:30:45.872041,1.13166,1.1317
2006,2019-03-15 13:30:45.872383,1.13166,1.1317
2007,2019-03-15 13:30:45.875596,1.13166,1.1317
2008,2019-03-15 13:30:45.878874,1.13166,1.1317
2009,2019-03-15 13:30:45.883786,1.13166,1.1317
2010,2019-03-15 13:30:45.888675,1.13166,1.13171
2011,2019-03-15 13:30:45.888971,1.13166,1.13171
2012,2019-03-15 13:30:45.889694,1.13166,1.13171
2013,2019-03-15 13:30:45.901206,1.13166,1.13171
2014,2019-03-15 13:30:45.901598,1.13166,1.1317
2015,2019-03-15 13:30:45.911331,1.13166,1.1317
2016,2019-03-15 13:30:45.911819,1.13166,1.1317
2017,2019-03-15 13:30:45.999352,1.13166,1.1317
2018,2019-03-15 13:30:46.035851,1.13166,1.1317
2019,2019-03-15 13:30:46.061721,1.13166,1.1317
2020,2019-03-15 13:30:46.135376,1.13166,1.1317
2021,2019-03-15 13:30:46.145331,1.13166,1.1317
2022,2019-03-15 13:30:46.166640,1.13166,1.1317
2023,2019-03-15 13:30:46.467254,1.13166,1.1317
2024,2019-03-15 13:30:46.470098,1.13166,1.1317
2025,2019-03-15 13:30:46.506311,1.13166,1.1317
2026,2019-03-15 13:30:46.506590,1.13166,1.13171
2027,2019-03-15 13:30:46.524630,1.13166,1.13171
2028,2019-03-15 13:30:46.809694,1.13166,1.13171
2029,2019-03-15 13:30:46.811387,1.13166,1.13171
2030,2019-03-15 13:30:46.842629,1.13166,1.13171
2031,2019-03-15 13:30:46.842950,1.13166,1.13171
2032,2019-03-15 13:30:46.844451,1.13166,1.13171
2033,2019-03-15 13:30:46.844908,1.13166,1.13171
2034,2019-03-15 13:30:46.846011,1.13166,1.13171
2035,2019-03-15 13:30:46.846267,1.13166,1.13171
2036,2019-03-15 13:30:46.847531,1.13166,1.13171
2037,2019-03-15 13:30:46.850697,1.13166,1.13171
2038,2019-03-15 13:30:46.851097,1.13166,1.13171
2039,2019-03-15 13:30:46.862095,1.13166,1.13172
2040,2019-03-15 13:30:46.872136,1.13166,1.13171
2041,2019-03-15 13:30:46.872694,1.13166,1.13172
2042,2019-03-15 13:30:46.887709,1.13166,1.13172
2043,2019-03-15 13:30:46.888166,1.13166,1.13172
2044,2019-03-15 13:30:46.897581,1.13166,1.13172
2045,2019-03-15 13:30:46.927133,1.13166,1.13172
2046,2019-03-15 13:30:46.927422,1.13166,1.13171
2047,2019-03-15 13:30:46.927698,1.13166,1.13171
2048,2019-03-15 13:30:46.930236,1.13166,1.13171
2049,2019-03-15 13:30:46.936142,1.13166,1.13171
2050,2019-03-15 13:30:46.941950,1.13166,1.13171
2051,2019-03-15 13:30:46.949144,1.13166,1.13171
2052,2019-03-15 13:30:46.950420,1.13166,1.13171
2053,2019-03-15 13:30:46.950997,1.13166,1.13172
2054,2019-03-15 13:30:46.952003,1.13166,1.13172
2055,2019-03-15 13:30:46.959689,1.13166,1.13172
2056,2019-03-15 13:30:46.959996,1.13166,1.13172
2057,2019-03-15 13:30:46.960313,1.13166,1.13172
2058,2019-03-15 13:30:46.962693,1.13166,1.13172
2059,2019-03-15 13:30:46.966487,1.13166,1.13172
2060,2019-03-15 13:30:46.975811,1.13166,1.13172
2061,2019-03-15 13:30:46.994405,1.13166,1.13171
2062,2019-03-15 13:30:46.996672,1.13166,1.13171
2063,2019-03-15 13:30:47.013973,1.13166,1.13171
2064,2019-03-15 13:30:47.051281,1.13166,1.13171
2065,2019-03-15 13:30:47.096992,1.13166,1.13171
2066,2019-03-15 13:30:47.097481,1.13166,1.13172
2067,2019-03-15 13:30:47.142126,1.13166,1.13172
2068,2019-03-15 13:30:47.186151,1.13166,1.13172
2069,2019-03-15 13:30:47.224985,1.13166,1.13171
2070,2019-03-15 13:30:47.228022,1.13166,1.13171
2071,2019-03-15 13:30:47.228443,1.13166,1.13171
2072,2019-03-15 13:30:47.228692,1.13166,1.13171
2073,2019-03-15 13:30:47.229101,1.13166,1.13171
2074,2019-03-15 13:30:47.346338,1.13166,1.13171
2075,2019-03-15 13:30:47.346818,1.13166,1.13171
2076,2019-03-15 13:30:47.354133,1.13166,1.13171
2077,2019-03-15 13:30:47.358270,1.13166,1.1317
2078,2019-03-15 13:30:47.363235,1.13166,1.1317
2079,2019-03-15 13:30:47.363530,1.13166,1.1317
2080,2019-03-15 13:30:47.366257,1.13166,1.1317
2081,2019-03-15 13:30:47.367161,1.13166,1.1317
2082,2019-03-15 13:30:47.367582,1.13166,1.1317
2083,2019-03-15 13:30:47.377550,1.13166,1.1317
2084,2019-03-15 13:30:47.379666,1.13165,1.1317
2085,2019-03-15 13:30:47.380248,1.13165,1.13167
2086,2019-03-15 13:30:47.380787,1.13164,1.13167
2087,2019-03-15 13:30:47.381346,1.13164,1.13167
2088,2019-03-15 13:30:47.381824,1.13164,1.13167
2089,2019-03-15 13:30:47.382562,1.13164,1.13167
2090,2019-03-15 13:30:47.383352,1.13164,1.13167
2091,2019-03-15 13:30:47.383788,1.13164,1.13167
2092,2019-03-15 13:30:47.384099,1.13164,1.13167
2093,2019-03-15 13:30:47.385949,1.13164,1.13167
2094,2019-03-15 13:30:47.386519,1.13162,1.13167
2095,2019-03-15 13:30:47.386896,1.13162,1.13167
2096,2019-03-15 13:30:47.387811,1.13164,1.13167
2097,2019-03-15 13:30:47.388332,1.13164,1.13167
2098,2019-03-15 13:30:47.388675,1.13164,1.13167
2099,2019-03-15 13:30:47.390629,1.13164,1.13167
2100,2019-03-15 13:30:47.395067,1.13164,1.13167
2101,2019-03-15 13:30:47.396811,1.13163,1.13167
2102,2019-03-15 13:30:47.399562,1.13163,1.13167
2103,2019-03-15 13:30:47.399953,1.13163,1.13167
2104,2019-03-15 13:30:47.401079,1.13163,1.13167
2105,2019-03-15 13:30:47.402699,1.13163,1.13167
2106,2019-03-15 13:30:47.402996,1.13163,1.13167
2107,2019-03-15 13:30:47.403296,1.13163,1.13168
2108,2019-03-15 13:30:47.404445,1.13163,1.13168
