,AdapterTime,BidPx,AskPx
0,2019-03-15 13:30:00.045915,1.13135,1.1314
1,2019-03-15 13:30:00.053891,1.13136,1.1314
2,2019-03-15 13:30:00.059988,1.13136,1.13141
3,2019-03-15 13:30:00.119834,1.13137,1.13141
4,2019-03-15 13:30:00.124790,1.13136,1.1314
5,2019-03-15 13:30:00.129729,1.13135,1.1314
6,2019-03-15 13:30:00.141118,1.13136,1.1314
7,2019-03-15 13:30:00.165876,1.13136,1.1314
8,2019-03-15 13:30:00.174389,1.13136,1.13141
9,2019-03-15 13:30:00.179410,1.13136,1.1314
10,2019-03-15 13:30:00.184436,1.13137,1.13141
11,2019-03-15 13:30:00.189417,1.13136,1.13141
12,2019-03-15 13:30:00.194402,1.13136,1.1314
13,2019-03-15 13:30:00.230906,1.13136,1.1314
14,2019-03-15 13:30:00.235872,1.13136,1.1314
15,2019-03-15 13:30:00.250803,1.13136,1.13141
16,2019-03-15 13:30:00.320764,1.13136,1.13141
17,2019-03-15 13:30:00.354598,1.13137,1.13141
18,2019-03-15 13:30:00.359568,1.13136,1.13141
19,2019-03-15 13:30:00.364561,1.13137,1.13141
20,2019-03-15 13:30:00.369652,1.13137,1.13142
21,2019-03-15 13:30:00.415820,1.13136,1.13141
22,2019-03-15 13:30:00.445373,1.13136,1.13141
23,2019-03-15 13:30:00.450428,1.13137,1.13141
24,2019-03-15 13:30:00.515763,1.13136,1.13141
25,2019-03-15 13:30:00.523007,1.13137,1.13141
26,2019-03-15 13:30:00.565790,1.13137,1.13141
27,2019-03-15 13:30:00.645866,1.13137,1.13142
28,2019-03-15 13:30:00.670508,1.13137,1.13141
29,2019-03-15 13:30:00.987240,1.13137,1.13142
30,2019-03-15 13:30:01.271463,1.13138,1.13143
31,2019-03-15 13:30:01.286739,1.13138,1.13144
32,2019-03-15 13:30:01.295943,1.13139,1.13144
33,2019-03-15 13:30:01.345816,1.13139,1.13143
34,2019-03-15 13:30:01.365451,1.13138,1.13143
35,2019-03-15 13:30:01.375824,1.13139,1.13143
36,2019-03-15 13:30:02.070906,1.13139,1.13144
37,2019-03-15 13:30:02.500809,1.13139,1.13144
38,2019-03-15 13:30:02.575384,1.13139,1.13144
39,2019-03-15 13:30:02.890815,1.1314,1.13145
40,2019-03-15 13:30:03.045505,1.1314,1.13145
41,2019-03-15 13:30:03.151186,1.13139,1.13144
42,2019-03-15 13:30:03.755507,1.1314,1.13145
43,2019-03-15 13:30:04.282277,1.13139,1.13144
44,2019-03-15 13:30:04.805760,1.1314,1.13145
45,2019-03-15 13:30:06.131454,1.1314,1.13145
46,2019-03-15 13:30:07.205805,1.13139,1.13144
47,2019-03-15 13:30:07.210795,1.13138,1.13144
48,2019-03-15 13:30:07.215821,1.13137,1.13143
49,2019-03-15 13:30:07.220900,1.13137,1.13142
50,2019-03-15 13:30:07.270750,1.13138,1.13143
51,2019-03-15 13:30:07.305781,1.13137,1.13142
52,2019-03-15 13:30:07.366104,1.13138,1.13143
53,2019-03-15 13:30:07.371027,1.13137,1.13142
54,2019-03-15 13:30:07.376092,1.13137,1.13142
55,2019-03-15 13:30:07.381189,1.13136,1.13141
56,2019-03-15 13:30:07.425655,1.13137,1.13141
57,2019-03-15 13:30:07.446047,1.13136,1.13141
58,2019-03-15 13:30:07.530817,1.13135,1.1314
59,2019-03-15 13:30:07.645488,1.13135,1.13139
60,2019-03-15 13:30:07.702590,1.13135,1.1314
61,2019-03-15 13:30:08.185497,1.13135,1.13139
62,2019-03-15 13:30:08.480917,1.13135,1.1314
63,2019-03-15 13:30:08.560876,1.13135,1.13139
64,2019-03-15 13:30:08.610868,1.13135,1.1314
65,2019-03-15 13:30:08.712471,1.13136,1.13141
66,2019-03-15 13:30:09.293438,1.13136,1.1314
67,2019-03-15 13:30:09.387052,1.13136,1.13141
68,2019-03-15 13:30:09.392071,1.13137,1.13142
69,2019-03-15 13:30:09.411995,1.13138,1.13143
70,2019-03-15 13:30:09.417980,1.13138,1.13143
71,2019-03-15 13:30:09.423000,1.13138,1.13143
72,2019-03-15 13:30:09.461160,1.13138,1.13143
73,2019-03-15 13:30:09.470788,1.13137,1.13142
74,2019-03-15 13:30:09.485783,1.13137,1.13141
75,2019-03-15 13:30:09.490823,1.13137,1.13142
76,2019-03-15 13:30:09.520949,1.13138,1.13143
77,2019-03-15 13:30:09.526220,1.13139,1.13143
78,2019-03-15 13:30:09.531247,1.13138,1.13143
79,2019-03-15 13:30:09.536363,1.13138,1.13143
80,2019-03-15 13:30:09.580386,1.13138,1.13143
81,2019-03-15 13:30:09.595448,1.13138,1.13143
82,2019-03-15 13:30:09.605809,1.13139,1.13143
83,2019-03-15 13:30:09.862296,1.13139,1.13144
84,2019-03-15 13:30:10.045587,1.13139,1.13143
85,2019-03-15 13:30:10.476088,1.13139,1.13144
86,2019-03-15 13:30:10.535098,1.1314,1.13144
87,2019-03-15 13:30:10.566090,1.1314,1.13145
88,2019-03-15 13:30:10.669684,1.1314,1.13144
89,2019-03-15 13:30:10.674633,1.1314,1.13145
90,2019-03-15 13:30:10.701765,1.1314,1.13146
91,2019-03-15 13:30:10.706881,1.13142,1.13147
92,2019-03-15 13:30:10.786481,1.13143,1.13148
93,2019-03-15 13:30:10.791392,1.13143,1.13147
94,2019-03-15 13:30:10.796485,1.13143,1.13148
95,2019-03-15 13:30:10.850923,1.13142,1.13147
96,2019-03-15 13:30:10.929483,1.13143,1.13148
97,2019-03-15 13:30:10.937979,1.13143,1.13148
98,2019-03-15 13:30:10.954793,1.13143,1.13148
99,2019-03-15 13:30:11.130429,1.13143,1.13148
100,2019-03-15 13:30:11.215868,1.13144,1.13148
101,2019-03-15 13:30:11.280037,1.13144,1.13149
102,2019-03-15 13:30:11.285368,1.13144,1.13148
103,2019-03-15 13:30:11.306532,1.13144,1.13149
104,2019-03-15 13:30:11.860766,1.13145,1.13149
105,2019-03-15 13:30:12.002973,1.13145,1.1315
106,2019-03-15 13:30:12.010635,1.13146,1.13151
107,2019-03-15 13:30:12.015859,1.13147,1.13153
108,2019-03-15 13:30:12.020625,1.13148,1.13154
109,2019-03-15 13:30:12.025579,1.13149,1.13154
110,2019-03-15 13:30:12.030862,1.13149,1.13154
111,2019-03-15 13:30:12.035558,1.13149,1.13153
112,2019-03-15 13:30:12.051090,1.13149,1.13153
113,2019-03-15 13:30:12.057516,1.13148,1.13153
114,2019-03-15 13:30:12.085479,1.13148,1.13152
115,2019-03-15 13:30:12.090470,1.13147,1.13152
116,2019-03-15 13:30:12.095479,1.13146,1.13151
117,2019-03-15 13:30:12.106777,1.13147,1.13152
118,2019-03-15 13:30:12.125825,1.13146,1.13151
119,2019-03-15 13:30:12.151096,1.13146,1.1315
120,2019-03-15 13:30:12.175778,1.13145,1.1315
121,2019-03-15 13:30:12.215768,1.13144,1.13149
122,2019-03-15 13:30:12.220969,1.13144,1.13149
123,2019-03-15 13:30:12.230788,1.13145,1.1315
124,2019-03-15 13:30:12.245899,1.13145,1.13149
125,2019-03-15 13:30:12.251681,1.13144,1.13149
126,2019-03-15 13:30:12.260986,1.13144,1.13149
127,2019-03-15 13:30:12.295861,1.13145,1.1315
128,2019-03-15 13:30:12.305867,1.13144,1.13149
129,2019-03-15 13:30:12.323654,1.13144,1.13148
130,2019-03-15 13:30:12.328560,1.13143,1.13148
131,2019-03-15 13:30:12.333522,1.13143,1.13148
132,2019-03-15 13:30:12.338519,1.13143,1.13148
133,2019-03-15 13:30:12.376021,1.13144,1.13148
134,2019-03-15 13:30:12.385777,1.13144,1.13149
135,2019-03-15 13:30:12.416796,1.13144,1.13148
136,2019-03-15 13:30:12.460614,1.13144,1.13149
137,2019-03-15 13:30:12.465609,1.13144,1.13148
138,2019-03-15 13:30:12.905381,1.13144,1.13149
139,2019-03-15 13:30:13.355560,1.13145,1.13149
140,2019-03-15 13:30:13.360758,1.13145,1.1315
141,2019-03-15 13:30:13.485511,1.13146,1.13151
142,2019-03-15 13:30:13.626207,1.13147,1.13151
143,2019-03-15 13:30:13.707990,1.13147,1.13152
144,2019-03-15 13:30:13.715780,1.13147,1.13151
145,2019-03-15 13:30:13.720971,1.13147,1.13152
146,2019-03-15 13:30:13.770801,1.13147,1.13151
147,2019-03-15 13:30:13.795770,1.13147,1.13152
148,2019-03-15 13:30:13.855792,1.13146,1.13151
149,2019-03-15 13:30:13.935789,1.13147,1.13152
150,2019-03-15 13:30:14.090874,1.13146,1.13151
151,2019-03-15 13:30:14.491255,1.13146,1.1315
152,2019-03-15 13:30:14.497819,1.13145,1.1315
153,2019-03-15 13:30:14.502834,1.13145,1.1315
154,2019-03-15 13:30:14.524316,1.13144,1.13149
155,2019-03-15 13:30:14.700400,1.13145,1.1315
156,2019-03-15 13:30:15.855869,1.13145,1.13149
157,2019-03-15 13:30:15.860856,1.13144,1.13149
158,2019-03-15 13:30:15.900918,1.13145,1.1315
159,2019-03-15 13:30:16.115767,1.13145,1.1315
160,2019-03-15 13:30:16.125861,1.13144,1.13149
161,2019-03-15 13:30:16.200925,1.13145,1.1315
162,2019-03-15 13:30:16.281011,1.13144,1.13149
163,2019-03-15 13:30:16.767038,1.13145,1.1315
164,2019-03-15 13:30:16.850933,1.13146,1.13151
165,2019-03-15 13:30:16.860784,1.13147,1.13151
166,2019-03-15 13:30:17.465420,1.13146,1.13151
167,2019-03-15 13:30:17.544162,1.13145,1.1315
168,2019-03-15 13:30:17.558245,1.13144,1.13149
169,2019-03-15 13:30:17.575950,1.13144,1.13148
170,2019-03-15 13:30:17.630904,1.13145,1.13149
171,2019-03-15 13:30:17.695785,1.13145,1.1315
172,2019-03-15 13:30:17.765402,1.13145,1.1315
173,2019-03-15 13:30:17.796072,1.13144,1.13149
174,2019-03-15 13:30:17.840785,1.13144,1.13148
175,2019-03-15 13:30:17.905389,1.13144,1.13149
176,2019-03-15 13:30:17.915740,1.13144,1.13149
177,2019-03-15 13:30:18.025453,1.13144,1.13149
178,2019-03-15 13:30:18.110773,1.13145,1.13149
179,2019-03-15 13:30:18.115880,1.13145,1.1315
180,2019-03-15 13:30:18.125785,1.13145,1.1315
181,2019-03-15 13:30:18.190776,1.13145,1.1315
182,2019-03-15 13:30:18.439483,1.13144,1.13149
183,2019-03-15 13:30:18.460874,1.13144,1.13149
184,2019-03-15 13:30:18.540920,1.13145,1.1315
185,2019-03-15 13:30:18.545935,1.13145,1.1315
186,2019-03-15 13:30:18.615881,1.13144,1.13149
187,2019-03-15 13:30:18.852065,1.13144,1.13149
188,2019-03-15 13:30:18.857027,1.13143,1.13147
189,2019-03-15 13:30:18.885817,1.13144,1.13148
190,2019-03-15 13:30:18.890881,1.13145,1.13149
191,2019-03-15 13:30:18.898569,1.13144,1.13149
192,2019-03-15 13:30:18.969317,1.13145,1.13149
193,2019-03-15 13:30:18.974316,1.13144,1.13149
194,2019-03-15 13:30:18.980884,1.13144,1.13149
195,2019-03-15 13:30:19.030774,1.13144,1.13149
196,2019-03-15 13:30:19.190765,1.13144,1.13149
197,2019-03-15 13:30:19.230879,1.13144,1.13149
198,2019-03-15 13:30:19.250900,1.13144,1.13148
199,2019-03-15 13:30:19.326281,1.13144,1.13149
200,2019-03-15 13:30:19.399391,1.13143,1.13148
201,2019-03-15 13:30:19.410863,1.13143,1.13148
202,2019-03-15 13:30:19.480382,1.13144,1.13148
203,2019-03-15 13:30:19.760889,1.13144,1.13149
204,2019-03-15 13:30:19.800383,1.13145,1.13149
205,2019-03-15 13:30:19.815792,1.13145,1.1315
206,2019-03-15 13:30:19.840829,1.13145,1.13149
207,2019-03-15 13:30:19.845810,1.13145,1.13149
208,2019-03-15 13:30:20.190776,1.13144,1.13149
209,2019-03-15 13:30:20.250898,1.13144,1.13148
210,2019-03-15 13:30:20.275431,1.13144,1.13148
211,2019-03-15 13:30:20.300922,1.13144,1.13149
212,2019-03-15 13:30:20.320904,1.13144,1.13148
213,2019-03-15 13:30:20.330390,1.13144,1.13148
214,2019-03-15 13:30:20.335756,1.13145,1.13149
215,2019-03-15 13:30:20.368120,1.13145,1.13149
216,2019-03-15 13:30:20.373107,1.13145,1.1315
217,2019-03-15 13:30:20.385761,1.13145,1.1315
218,2019-03-15 13:30:20.395770,1.13145,1.1315
219,2019-03-15 13:30:20.445806,1.13145,1.13149
220,2019-03-15 13:30:20.455787,1.13145,1.1315
221,2019-03-15 13:30:20.510792,1.13145,1.13149
222,2019-03-15 13:30:20.700842,1.13145,1.1315
223,2019-03-15 13:30:20.865796,1.13146,1.1315
224,2019-03-15 13:30:20.895765,1.13145,1.1315
225,2019-03-15 13:30:21.125844,1.13144,1.13149
226,2019-03-15 13:30:22.220842,1.13145,1.1315
227,2019-03-15 13:30:22.620785,1.13145,1.1315
228,2019-03-15 13:30:22.731593,1.13143,1.13148
229,2019-03-15 13:30:22.960829,1.13144,1.13149
230,2019-03-15 13:30:22.985884,1.13145,1.13149
231,2019-03-15 13:30:23.000785,1.13145,1.13149
232,2019-03-15 13:30:23.005726,1.13144,1.13149
233,2019-03-15 13:30:23.065804,1.13145,1.13149
234,2019-03-15 13:30:23.260770,1.13144,1.13149
235,2019-03-15 13:30:24.563212,1.13145,1.13149
236,2019-03-15 13:30:24.570758,1.13145,1.1315
237,2019-03-15 13:30:24.580780,1.13146,1.1315
238,2019-03-15 13:30:24.585842,1.13146,1.1315
239,2019-03-15 13:30:24.590861,1.13146,1.1315
240,2019-03-15 13:30:24.640920,1.13145,1.1315
241,2019-03-15 13:30:24.665378,1.13146,1.1315
242,2019-03-15 13:30:25.172548,1.13146,1.1315
243,2019-03-15 13:30:25.177638,1.13147,1.13151
244,2019-03-15 13:30:25.182881,1.13148,1.13152
245,2019-03-15 13:30:25.188174,1.13149,1.13153
246,2019-03-15 13:30:25.192889,1.13149,1.13153
247,2019-03-15 13:30:25.197924,1.13147,1.13151
248,2019-03-15 13:30:25.202896,1.13147,1.13151
249,2019-03-15 13:30:25.230807,1.13146,1.13151
250,2019-03-15 13:30:25.235922,1.13146,1.1315
251,2019-03-15 13:30:25.260749,1.13146,1.1315
252,2019-03-15 13:30:25.265806,1.13147,1.13151
253,2019-03-15 13:30:25.270767,1.13147,1.13151
254,2019-03-15 13:30:25.275756,1.13147,1.13152
255,2019-03-15 13:30:25.280859,1.13148,1.13152
256,2019-03-15 13:30:25.286072,1.13147,1.13151
257,2019-03-15 13:30:25.291003,1.13146,1.13151
258,2019-03-15 13:30:25.299127,1.13146,1.1315
259,2019-03-15 13:30:25.310445,1.13146,1.13151
260,2019-03-15 13:30:25.320793,1.13146,1.1315
261,2019-03-15 13:30:25.326023,1.13145,1.1315
262,2019-03-15 13:30:25.350886,1.13146,1.1315
263,2019-03-15 13:30:25.530057,1.13147,1.13151
264,2019-03-15 13:30:25.536444,1.13147,1.13152
265,2019-03-15 13:30:25.541889,1.13148,1.13152
266,2019-03-15 13:30:25.546920,1.13148,1.13153
267,2019-03-15 13:30:25.605304,1.13149,1.13153
268,2019-03-15 13:30:25.610831,1.13149,1.13153
269,2019-03-15 13:30:25.660811,1.13149,1.13153
270,2019-03-15 13:30:25.676921,1.13148,1.13153
271,2019-03-15 13:30:25.731753,1.13149,1.13153
272,2019-03-15 13:30:25.770388,1.13149,1.13153
273,2019-03-15 13:30:25.796158,1.13149,1.13153
274,2019-03-15 13:30:25.839235,1.1315,1.13154
275,2019-03-15 13:30:25.844351,1.13151,1.13155
276,2019-03-15 13:30:25.849364,1.13152,1.13156
277,2019-03-15 13:30:25.855810,1.13151,1.13155
278,2019-03-15 13:30:25.861147,1.13151,1.13155
279,2019-03-15 13:30:25.900828,1.13151,1.13155
280,2019-03-15 13:30:25.920811,1.13151,1.13155
281,2019-03-15 13:30:25.927402,1.13151,1.13155
282,2019-03-15 13:30:26.040401,1.13151,1.13156
283,2019-03-15 13:30:26.252911,1.13152,1.13156
284,2019-03-15 13:30:26.278147,1.13153,1.13157
285,2019-03-15 13:30:26.313691,1.13152,1.13157
286,2019-03-15 13:30:26.338883,1.13153,1.13157
287,2019-03-15 13:30:26.379354,1.13152,1.13157
288,2019-03-15 13:30:26.404641,1.13154,1.13158
289,2019-03-15 13:30:26.444812,1.13154,1.13158
290,2019-03-15 13:30:26.470145,1.13154,1.13158
291,2019-03-15 13:30:27.020854,1.13154,1.13158
292,2019-03-15 13:30:27.071203,1.13154,1.13158
293,2019-03-15 13:30:27.210960,1.13154,1.13159
294,2019-03-15 13:30:27.215816,1.13154,1.13158
295,2019-03-15 13:30:27.486707,1.13155,1.13159
296,2019-03-15 13:30:27.491690,1.13155,1.13159
297,2019-03-15 13:30:27.503198,1.13155,1.1316
298,2019-03-15 13:30:27.508216,1.13156,1.1316
299,2019-03-15 13:30:27.513176,1.13157,1.13162
300,2019-03-15 13:30:27.519211,1.13157,1.13162
301,2019-03-15 13:30:27.524122,1.13158,1.13162
302,2019-03-15 13:30:27.529136,1.13158,1.13162
303,2019-03-15 13:30:27.535954,1.13159,1.13163
304,2019-03-15 13:30:27.541034,1.13158,1.13163
305,2019-03-15 13:30:27.545957,1.13158,1.13162
306,2019-03-15 13:30:27.570823,1.13158,1.13163
307,2019-03-15 13:30:27.585506,1.13158,1.13162
308,2019-03-15 13:30:27.600431,1.13159,1.13163
309,2019-03-15 13:30:27.605981,1.13159,1.13164
310,2019-03-15 13:30:27.610896,1.13159,1.13164
311,2019-03-15 13:30:27.615991,1.13159,1.13163
312,2019-03-15 13:30:27.625540,1.13159,1.13163
313,2019-03-15 13:30:27.665892,1.13159,1.13164
314,2019-03-15 13:30:27.680795,1.13159,1.13164
315,2019-03-15 13:30:27.690823,1.13159,1.13164
316,2019-03-15 13:30:27.720566,1.1316,1.13164
317,2019-03-15 13:30:27.750742,1.1316,1.13165
318,2019-03-15 13:30:27.860767,1.13159,1.13164
319,2019-03-15 13:30:27.870873,1.13159,1.13163
320,2019-03-15 13:30:27.910390,1.13159,1.13163
321,2019-03-15 13:30:28.045772,1.13159,1.13164
322,2019-03-15 13:30:28.240414,1.13159,1.13164
323,2019-03-15 13:30:28.335387,1.13159,1.13164
324,2019-03-15 13:30:28.470889,1.1316,1.13165
325,2019-03-15 13:30:28.485754,1.1316,1.13165
326,2019-03-15 13:30:28.490875,1.13159,1.13164
327,2019-03-15 13:30:28.530382,1.1316,1.13164
328,2019-03-15 13:30:28.548691,1.1316,1.13164
329,2019-03-15 13:30:28.565880,1.13161,1.13165
330,2019-03-15 13:30:28.635775,1.13161,1.13165
331,2019-03-15 13:30:28.645866,1.1316,1.13164
332,2019-03-15 13:30:28.715380,1.1316,1.13164
333,2019-03-15 13:30:29.215993,1.1316,1.13165
334,2019-03-15 13:30:29.370922,1.13159,1.13164
335,2019-03-15 13:30:29.375868,1.13159,1.13164
336,2019-03-15 13:30:29.445371,1.1316,1.13164
337,2019-03-15 13:30:29.950711,1.1316,1.13164
338,2019-03-15 13:30:30.131515,1.1316,1.13164
339,2019-03-15 13:30:30.145866,1.13161,1.13165
340,2019-03-15 13:30:30.155745,1.1316,1.13165
341,2019-03-15 13:30:30.231740,1.13161,1.13165
342,2019-03-15 13:30:30.236731,1.13161,1.13166
343,2019-03-15 13:30:30.360403,1.13161,1.13165
344,2019-03-15 13:30:30.677389,1.13162,1.13166
345,2019-03-15 13:30:30.683473,1.13163,1.13167
346,2019-03-15 13:30:30.691921,1.13163,1.13168
347,2019-03-15 13:30:30.696987,1.13164,1.13168
348,2019-03-15 13:30:30.702114,1.13163,1.13168
349,2019-03-15 13:30:30.709210,1.13164,1.13168
350,2019-03-15 13:30:30.714218,1.13163,1.13168
351,2019-03-15 13:30:30.740412,1.13163,1.13167
352,2019-03-15 13:30:30.791691,1.13163,1.13168
353,2019-03-15 13:30:30.801134,1.13163,1.13167
354,2019-03-15 13:30:30.810798,1.13162,1.13167
355,2019-03-15 13:30:30.820165,1.13163,1.13167
356,2019-03-15 13:30:30.825793,1.13163,1.13167
357,2019-03-15 13:30:30.860765,1.13163,1.13167
358,2019-03-15 13:30:30.950846,1.13162,1.13167
359,2019-03-15 13:30:30.965895,1.13162,1.13166
360,2019-03-15 13:30:31.007601,1.13161,1.13166
361,2019-03-15 13:30:31.020405,1.13161,1.13165
362,2019-03-15 13:30:31.045518,1.1316,1.13165
363,2019-03-15 13:30:31.050549,1.13159,1.13164
364,2019-03-15 13:30:31.055511,1.1316,1.13164
365,2019-03-15 13:30:31.076884,1.1316,1.13165
366,2019-03-15 13:30:31.106056,1.13161,1.13166
367,2019-03-15 13:30:31.122165,1.13161,1.13165
368,2019-03-15 13:30:31.127123,1.13161,1.13165
369,2019-03-15 13:30:31.132111,1.13161,1.13165
370,2019-03-15 13:30:31.155764,1.1316,1.13165
371,2019-03-15 13:30:31.175418,1.13161,1.13165
372,2019-03-15 13:30:31.180786,1.13161,1.13165
373,2019-03-15 13:30:31.205778,1.13161,1.13165
374,2019-03-15 13:30:31.210810,1.13161,1.13166
375,2019-03-15 13:30:31.260787,1.13161,1.13165
376,2019-03-15 13:30:31.935961,1.1316,1.13165
377,2019-03-15 13:30:31.950428,1.1316,1.13165
378,2019-03-15 13:30:32.355416,1.13161,1.13165
379,2019-03-15 13:30:32.470415,1.13161,1.13165
380,2019-03-15 13:30:32.882818,1.13162,1.13166
381,2019-03-15 13:30:32.887799,1.13162,1.13166
382,2019-03-15 13:30:32.895774,1.13162,1.13166
383,2019-03-15 13:30:33.990782,1.13162,1.13166
384,2019-03-15 13:30:34.108332,1.13162,1.13167
385,2019-03-15 13:30:34.115890,1.13163,1.13167
386,2019-03-15 13:30:34.121096,1.13163,1.13168
387,2019-03-15 13:30:34.139625,1.13164,1.13168
388,2019-03-15 13:30:34.170412,1.13163,1.13167
389,2019-03-15 13:30:34.510787,1.13163,1.13167
390,2019-03-15 13:30:34.575393,1.13163,1.13167
391,2019-03-15 13:30:35.031780,1.13164,1.13168
392,2019-03-15 13:30:35.036764,1.13163,1.13168
393,2019-03-15 13:30:35.076004,1.13164,1.13168
394,2019-03-15 13:30:35.157606,1.13165,1.13169
395,2019-03-15 13:30:35.440421,1.13164,1.13169
396,2019-03-15 13:30:35.780375,1.13165,1.13169
397,2019-03-15 13:30:36.045916,1.13164,1.13168
398,2019-03-15 13:30:37.005905,1.13165,1.13169
399,2019-03-15 13:30:38.500433,1.13165,1.13169
400,2019-03-15 13:30:38.885445,1.13165,1.1317
401,2019-03-15 13:30:39.060598,1.13166,1.1317
402,2019-03-15 13:30:39.240455,1.13165,1.1317
403,2019-03-15 13:30:39.495439,1.13165,1.13169
404,2019-03-15 13:30:39.696795,1.13165,1.1317
405,2019-03-15 13:30:39.980382,1.13165,1.13169
406,2019-03-15 13:30:41.085392,1.13165,1.13169
407,2019-03-15 13:30:41.275902,1.13165,1.1317
408,2019-03-15 13:30:41.281019,1.13165,1.1317
409,2019-03-15 13:30:41.290956,1.13164,1.13169
410,2019-03-15 13:30:41.345522,1.13165,1.13169
411,2019-03-15 13:30:41.350347,1.13165,1.13169
412,2019-03-15 13:30:42.600751,1.13164,1.13169
413,2019-03-15 13:30:42.610908,1.13163,1.13168
414,2019-03-15 13:30:42.615934,1.13164,1.13168
415,2019-03-15 13:30:42.681017,1.13163,1.13168
416,2019-03-15 13:30:42.690407,1.13163,1.13167
417,2019-03-15 13:30:42.707562,1.13162,1.13166
418,2019-03-15 13:30:42.712699,1.13162,1.13166
419,2019-03-15 13:30:42.717650,1.1316,1.13165
420,2019-03-15 13:30:42.730852,1.13161,1.13166
421,2019-03-15 13:30:42.755903,1.13161,1.13165
422,2019-03-15 13:30:42.780758,1.13161,1.13165
423,2019-03-15 13:30:42.895839,1.13161,1.13165
424,2019-03-15 13:30:42.920416,1.13161,1.13165
425,2019-03-15 13:30:43.058432,1.13159,1.13165
426,2019-03-15 13:30:43.063471,1.13155,1.13161
427,2019-03-15 13:30:43.345791,1.13155,1.13161
428,2019-03-15 13:30:43.355994,1.13157,1.1316
429,2019-03-15 13:30:43.725427,1.13156,1.1316
430,2019-03-15 13:30:44.128345,1.13157,1.13161
431,2019-03-15 13:30:44.133214,1.13157,1.13161
432,2019-03-15 13:30:44.138218,1.13156,1.13162
433,2019-03-15 13:30:44.155899,1.13158,1.13162
434,2019-03-15 13:30:44.185787,1.13158,1.13161
435,2019-03-15 13:30:44.225418,1.13158,1.13162
436,2019-03-15 13:30:44.235881,1.13157,1.13163
437,2019-03-15 13:30:44.240870,1.13157,1.13163
438,2019-03-15 13:30:44.310828,1.13156,1.13162
439,2019-03-15 13:30:44.320893,1.13158,1.13162
440,2019-03-15 13:30:44.340440,1.13158,1.13162
441,2019-03-15 13:30:44.345880,1.13159,1.13163
442,2019-03-15 13:30:44.370918,1.13157,1.13163
443,2019-03-15 13:30:44.390772,1.13158,1.13163
444,2019-03-15 13:30:44.445806,1.13157,1.13163
445,2019-03-15 13:30:45.690072,1.13158,1.13164
446,2019-03-15 13:30:45.697632,1.13159,1.13165
447,2019-03-15 13:30:45.702612,1.13159,1.13166
448,2019-03-15 13:30:45.710791,1.13159,1.13165
449,2019-03-15 13:30:45.715862,1.13159,1.13166
450,2019-03-15 13:30:45.873242,1.13158,1.13167
451,2019-03-15 13:30:45.900380,1.13159,1.13166
452,2019-03-15 13:30:46.065770,1.13158,1.13166
453,2019-03-15 13:30:46.075782,1.13159,1.13166
454,2019-03-15 13:30:46.135770,1.13158,1.13166
455,2019-03-15 13:30:46.145761,1.13159,1.13166
456,2019-03-15 13:30:46.205763,1.13158,1.13166
457,2019-03-15 13:30:46.215756,1.13159,1.13166
458,2019-03-15 13:30:46.275778,1.13158,1.13166
459,2019-03-15 13:30:46.280799,1.13159,1.13166
460,2019-03-15 13:30:46.345763,1.13158,1.13166
461,2019-03-15 13:30:46.355778,1.13159,1.13166
462,2019-03-15 13:30:46.405827,1.13158,1.13166
463,2019-03-15 13:30:46.505316,1.13158,1.13167
464,2019-03-15 13:30:46.844259,1.13159,1.13168
465,2019-03-15 13:30:46.856045,1.13158,1.13167
466,2019-03-15 13:30:46.860990,1.13158,1.13168
467,2019-03-15 13:30:46.865982,1.13158,1.13168
468,2019-03-15 13:30:46.875875,1.13164,1.13168
469,2019-03-15 13:30:46.880902,1.13164,1.13168
470,2019-03-15 13:30:46.926245,1.13158,1.13167
471,2019-03-15 13:30:46.950829,1.13158,1.13167
472,2019-03-15 13:30:46.959875,1.13159,1.13169
473,2019-03-15 13:30:46.964885,1.13159,1.13168
474,2019-03-15 13:30:47.275388,1.13159,1.13168
475,2019-03-15 13:30:47.365399,1.13158,1.13168
476,2019-03-15 13:30:47.370430,1.13158,1.13167
477,2019-03-15 13:30:47.376134,1.13158,1.13167
478,2019-03-15 13:30:47.381275,1.13158,1.13166
479,2019-03-15 13:30:47.386208,1.13159,1.13165
480,2019-03-15 13:30:47.391227,1.13159,1.13165
481,2019-03-15 13:30:47.396229,1.13159,1.13165
482,2019-03-15 13:30:47.440754,1.13158,1.13166
483,2019-03-15 13:30:47.485783,1.13159,1.13165
484,2019-03-15 13:30:47.799582,1.13158,1.13166
485,2019-03-15 13:30:47.804586,1.13159,1.13166
486,2019-03-15 13:30:47.809556,1.13158,1.13166
487,2019-03-15 13:30:47.815825,1.13159,1.13165
488,2019-03-15 13:30:47.895391,1.13159,1.13166
489,2019-03-15 13:30:47.955776,1.13158,1.13166
490,2019-03-15 13:30:48.005792,1.13159,1.13165
491,2019-03-15 13:30:48.815825,1.13159,1.13165
492,2019-03-15 13:30:49.041319,1.13159,1.13165
493,2019-03-15 13:30:49.231836,1.13158,1.13166
494,2019-03-15 13:30:49.236795,1.13158,1.13166
495,2019-03-15 13:30:49.285797,1.13159,1.13165
496,2019-03-15 13:30:49.342321,1.13158,1.13166
497,2019-03-15 13:30:49.350868,1.13158,1.13166
498,2019-03-15 13:30:49.365763,1.13158,1.13166
499,2019-03-15 13:30:49.643601,1.13159,1.13165
500,2019-03-15 13:30:49.649824,1.13159,1.13165
501,2019-03-15 13:30:49.654770,1.13158,1.13164
502,2019-03-15 13:30:49.781063,1.13159,1.13165
503,2019-03-15 13:30:49.789315,1.13158,1.13164
504,2019-03-15 13:30:49.978499,1.13158,1.13164
505,2019-03-15 13:30:50.325581,1.13158,1.13164
506,2019-03-15 13:30:53.445928,1.13158,1.13163
507,2019-03-15 13:30:53.495894,1.13158,1.13164
508,2019-03-15 13:30:53.855854,1.13157,1.13163
509,2019-03-15 13:30:53.860858,1.13156,1.13162
510,2019-03-15 13:30:53.865972,1.13158,1.13161
511,2019-03-15 13:30:53.871044,1.13157,1.1316
512,2019-03-15 13:30:53.875880,1.13154,1.1316
513,2019-03-15 13:30:53.880905,1.13153,1.13162
514,2019-03-15 13:30:53.885865,1.13153,1.13161
515,2019-03-15 13:30:53.890857,1.13153,1.13161
516,2019-03-15 13:30:53.913321,1.13153,1.13161
517,2019-03-15 13:30:53.946651,1.13154,1.1316
518,2019-03-15 13:30:53.961032,1.13153,1.13159
519,2019-03-15 13:30:53.966001,1.13152,1.13161
520,2019-03-15 13:30:53.971033,1.13153,1.13161
521,2019-03-15 13:30:53.976246,1.13153,1.13161
522,2019-03-15 13:30:53.983478,1.13153,1.13162
523,2019-03-15 13:30:53.990449,1.13153,1.13161
524,2019-03-15 13:30:53.995903,1.13159,1.13162
525,2019-03-15 13:30:54.015870,1.13159,1.13163
526,2019-03-15 13:30:54.025867,1.13159,1.13163
527,2019-03-15 13:30:54.030886,1.13158,1.13163
528,2019-03-15 13:30:54.040946,1.13158,1.13164
529,2019-03-15 13:30:54.050898,1.13158,1.13164
530,2019-03-15 13:30:54.070747,1.13158,1.13164
531,2019-03-15 13:30:54.120805,1.13157,1.13164
532,2019-03-15 13:30:54.135796,1.13157,1.13163
533,2019-03-15 13:30:54.405580,1.13158,1.13164
534,2019-03-15 13:30:55.145786,1.13157,1.13164
535,2019-03-15 13:30:55.165769,1.13158,1.13164
536,2019-03-15 13:30:55.425796,1.13158,1.13164
537,2019-03-15 13:30:55.805947,1.13158,1.13164
538,2019-03-15 13:30:55.845817,1.13158,1.13164
539,2019-03-15 13:30:56.533044,1.13158,1.13164
540,2019-03-15 13:30:57.020396,1.13158,1.13164
541,2019-03-15 13:30:57.105810,1.13157,1.13163
542,2019-03-15 13:30:57.320973,1.13159,1.13162
543,2019-03-15 13:30:57.375937,1.13158,1.13164
544,2019-03-15 13:30:57.400776,1.13158,1.13164
545,2019-03-15 13:30:57.430744,1.13158,1.13164
546,2019-03-15 13:30:57.445753,1.13157,1.13164
547,2019-03-15 13:30:57.580765,1.13157,1.13163
548,2019-03-15 13:30:57.590902,1.13159,1.13163
549,2019-03-15 13:30:57.635381,1.13159,1.13163
550,2019-03-15 13:30:57.640951,1.13158,1.13164
551,2019-03-15 13:30:57.660779,1.13158,1.13164
552,2019-03-15 13:30:57.710819,1.13158,1.13164
553,2019-03-15 13:30:57.835887,1.13159,1.13163
554,2019-03-15 13:30:57.875861,1.13159,1.13162
555,2019-03-15 13:30:57.895776,1.13159,1.13163
556,2019-03-15 13:30:57.905875,1.13158,1.13164
557,2019-03-15 13:30:57.920758,1.13158,1.13164
558,2019-03-15 13:30:57.976164,1.13158,1.13164
559,2019-03-15 13:30:57.990887,1.13159,1.13163
560,2019-03-15 13:30:58.040907,1.13158,1.13164
561,2019-03-15 13:30:58.060802,1.13158,1.13164
562,2019-03-15 13:30:58.115780,1.13158,1.13164
563,2019-03-15 13:30:58.251191,1.13158,1.13164
564,2019-03-15 13:30:58.260917,1.13159,1.13163
565,2019-03-15 13:30:58.305936,1.13158,1.13164
566,2019-03-15 13:30:58.315786,1.13158,1.13164
567,2019-03-15 13:30:58.330747,1.13158,1.13164
568,2019-03-15 13:30:58.380762,1.13158,1.13164
569,2019-03-15 13:30:58.405943,1.13159,1.13163
570,2019-03-15 13:30:58.480940,1.13158,1.13164
571,2019-03-15 13:30:58.555756,1.13158,1.13164
572,2019-03-15 13:30:58.570747,1.13157,1.13164
573,2019-03-15 13:30:58.580882,1.13159,1.13163
574,2019-03-15 13:30:58.620381,1.13159,1.13163
575,2019-03-15 13:30:58.625878,1.13158,1.13164
576,2019-03-15 13:30:58.700799,1.13158,1.13164
577,2019-03-15 13:30:58.705773,1.13158,1.13164
578,2019-03-15 13:30:58.715915,1.13159,1.13163
579,2019-03-15 13:30:58.785405,1.13159,1.13163
580,2019-03-15 13:31:00.255411,1.13158,1.13164
581,2019-03-15 13:31:00.400411,1.13158,1.13164
582,2019-03-15 13:31:00.405439,1.13158,1.13164
583,2019-03-15 13:31:00.450383,1.13158,1.13164
584,2019-03-15 13:31:00.585772,1.13159,1.13163
585,2019-03-15 13:31:00.630789,1.13158,1.13164
586,2019-03-15 13:31:00.645879,1.13158,1.13164
587,2019-03-15 13:31:00.660757,1.13158,1.13164
588,2019-03-15 13:31:00.720786,1.13158,1.13164
589,2019-03-15 13:31:00.725847,1.13158,1.13164
590,2019-03-15 13:31:00.730944,1.13158,1.13163
591,2019-03-15 13:31:00.800420,1.13158,1.13164
592,2019-03-15 13:31:00.810395,1.13158,1.13164
593,2019-03-15 13:31:01.510442,1.13158,1.13164
594,2019-03-15 13:31:01.940925,1.13158,1.13163
595,2019-03-15 13:31:01.990788,1.13158,1.13164
596,2019-03-15 13:31:01.995874,1.13158,1.13164
597,2019-03-15 13:31:02.005780,1.13158,1.13164
598,2019-03-15 13:31:02.085933,1.13159,1.13163
599,2019-03-15 13:31:02.095388,1.13158,1.13163
600,2019-03-15 13:31:02.160389,1.13158,1.13164
601,2019-03-15 13:31:02.280394,1.13158,1.13164
602,2019-03-15 13:31:03.205921,1.13159,1.13165
603,2019-03-15 13:31:03.215765,1.13158,1.13164
604,2019-03-15 13:31:03.260779,1.13159,1.13165
605,2019-03-15 13:31:03.285768,1.13158,1.13164
606,2019-03-15 13:31:04.390939,1.13158,1.13163
607,2019-03-15 13:31:04.465381,1.13158,1.13164
608,2019-03-15 13:31:04.475904,1.13158,1.13164
609,2019-03-15 13:31:04.551189,1.13158,1.13164
610,2019-03-15 13:31:04.932821,1.13159,1.13165
611,2019-03-15 13:31:04.937749,1.1316,1.13167
612,2019-03-15 13:31:04.945874,1.13164,1.13167
613,2019-03-15 13:31:04.952829,1.13163,1.13167
614,2019-03-15 13:31:04.995929,1.13159,1.13166
615,2019-03-15 13:31:05.005786,1.1316,1.13167
616,2019-03-15 13:31:05.010786,1.1316,1.13167
617,2019-03-15 13:31:05.015800,1.13161,1.13169
618,2019-03-15 13:31:05.020846,1.13164,1.13168
619,2019-03-15 13:31:05.045381,1.13164,1.13168
620,2019-03-15 13:31:05.065897,1.13161,1.13168
621,2019-03-15 13:31:05.088217,1.13161,1.13169
622,2019-03-15 13:31:05.107354,1.13161,1.13168
623,2019-03-15 13:31:05.112364,1.13161,1.13168
624,2019-03-15 13:31:05.150797,1.1316,1.13167
625,2019-03-15 13:31:05.175380,1.1316,1.13167
626,2019-03-15 13:31:05.220395,1.13161,1.13168
627,2019-03-15 13:31:05.375784,1.1316,1.13168
628,2019-03-15 13:31:05.420453,1.13161,1.13168
629,2019-03-15 13:31:05.425990,1.13161,1.13169
630,2019-03-15 13:31:05.565424,1.13161,1.13169
631,2019-03-15 13:31:05.705826,1.1316,1.13168
632,2019-03-15 13:31:05.780774,1.13161,1.13169
633,2019-03-15 13:31:05.787213,1.13161,1.13168
634,2019-03-15 13:31:05.792223,1.1316,1.13167
635,2019-03-15 13:31:05.800983,1.1316,1.13167
636,2019-03-15 13:31:05.805901,1.1316,1.13167
637,2019-03-15 13:31:05.830864,1.13161,1.13168
638,2019-03-15 13:31:05.855764,1.13161,1.13168
639,2019-03-15 13:31:05.935433,1.13161,1.13168
640,2019-03-15 13:31:05.980534,1.1316,1.13168
641,2019-03-15 13:31:06.035885,1.1316,1.13167
642,2019-03-15 13:31:06.041680,1.1316,1.13166
643,2019-03-15 13:31:06.050859,1.13159,1.13166
644,2019-03-15 13:31:06.060404,1.13159,1.13166
645,2019-03-15 13:31:06.070390,1.1316,1.13166
646,2019-03-15 13:31:06.091265,1.1316,1.13167
647,2019-03-15 13:31:06.096244,1.1316,1.13168
648,2019-03-15 13:31:06.101393,1.13161,1.13168
649,2019-03-15 13:31:06.160893,1.1316,1.13167
650,2019-03-15 13:31:06.165854,1.1316,1.13167
651,2019-03-15 13:31:06.170852,1.1316,1.13167
652,2019-03-15 13:31:06.176158,1.13159,1.13166
653,2019-03-15 13:31:06.181104,1.13159,1.13166
654,2019-03-15 13:31:06.186157,1.13159,1.13165
655,2019-03-15 13:31:06.220744,1.13159,1.13166
656,2019-03-15 13:31:06.245836,1.13159,1.13165
657,2019-03-15 13:31:06.305758,1.13159,1.13166
658,2019-03-15 13:31:06.330817,1.13159,1.13165
659,2019-03-15 13:31:06.459811,1.13159,1.13165
660,2019-03-15 13:31:06.556233,1.13158,1.13164
661,2019-03-15 13:31:06.739457,1.13158,1.13164
662,2019-03-15 13:31:06.744477,1.13158,1.13164
663,2019-03-15 13:31:06.749434,1.13158,1.13164
664,2019-03-15 13:31:06.805129,1.13158,1.13163
665,2019-03-15 13:31:06.810780,1.13159,1.13163
666,2019-03-15 13:31:06.816537,1.13158,1.13163
667,2019-03-15 13:31:06.925905,1.13159,1.13163
668,2019-03-15 13:31:07.000797,1.13159,1.13163
669,2019-03-15 13:31:07.075443,1.13159,1.13163
670,2019-03-15 13:31:07.464440,1.13158,1.13164
671,2019-03-15 13:31:07.475918,1.13159,1.13163
672,2019-03-15 13:31:07.480938,1.13158,1.13163
673,2019-03-15 13:31:07.525884,1.13158,1.13164
674,2019-03-15 13:31:07.535934,1.13158,1.13164
675,2019-03-15 13:31:07.585924,1.13158,1.13164
676,2019-03-15 13:31:07.600804,1.13158,1.13164
677,2019-03-15 13:31:07.605911,1.13158,1.13163
678,2019-03-15 13:31:07.660870,1.13158,1.13164
679,2019-03-15 13:31:07.680744,1.13158,1.13164
680,2019-03-15 13:31:07.735771,1.13158,1.13164
681,2019-03-15 13:31:07.746026,1.13159,1.13163
682,2019-03-15 13:31:07.815385,1.13158,1.13163
683,2019-03-15 13:31:08.340500,1.13159,1.13163
684,2019-03-15 13:31:08.610772,1.13159,1.13163
685,2019-03-15 13:31:09.745829,1.13158,1.13163
686,2019-03-15 13:31:09.755941,1.13158,1.13164
687,2019-03-15 13:31:09.830785,1.13158,1.13164
688,2019-03-15 13:31:09.835945,1.13159,1.13163
689,2019-03-15 13:31:09.890876,1.13158,1.13164
690,2019-03-15 13:31:09.910803,1.13158,1.13164
691,2019-03-15 13:31:09.965796,1.13158,1.13164
692,2019-03-15 13:31:09.970827,1.13158,1.13164
693,2019-03-15 13:31:09.995771,1.13158,1.13164
694,2019-03-15 13:31:10.075921,1.13159,1.13163
695,2019-03-15 13:31:10.125962,1.13158,1.13164
696,2019-03-15 13:31:10.150805,1.13158,1.13164
697,2019-03-15 13:31:10.200833,1.13158,1.13164
698,2019-03-15 13:31:10.455919,1.13159,1.13165
699,2019-03-15 13:31:10.510810,1.13158,1.13164
700,2019-03-15 13:31:11.133087,1.13159,1.13164
701,2019-03-15 13:31:14.025525,1.13158,1.13164
702,2019-03-15 13:31:14.060920,1.13159,1.13163
703,2019-03-15 13:31:14.090367,1.13158,1.13163
704,2019-03-15 13:31:14.110889,1.13158,1.13164
705,2019-03-15 13:31:14.121026,1.13158,1.13163
706,2019-03-15 13:31:14.185400,1.13159,1.13163
707,2019-03-15 13:31:14.345790,1.13159,1.13163
708,2019-03-15 13:31:14.420385,1.13159,1.13163
709,2019-03-15 13:31:14.915859,1.13159,1.13163
710,2019-03-15 13:31:15.325417,1.13158,1.13163
711,2019-03-15 13:31:15.691381,1.13158,1.13164
712,2019-03-15 13:31:16.100630,1.13158,1.13165
713,2019-03-15 13:31:16.105932,1.13159,1.13165
714,2019-03-15 13:31:16.180787,1.13158,1.13164
715,2019-03-15 13:31:16.185921,1.13158,1.13164
716,2019-03-15 13:31:16.240948,1.13158,1.13164
717,2019-03-15 13:31:16.260751,1.13159,1.13165
718,2019-03-15 13:31:16.310809,1.13158,1.13164
719,2019-03-15 13:31:16.320878,1.13158,1.13164
720,2019-03-15 13:31:16.370943,1.13158,1.13164
721,2019-03-15 13:31:16.380749,1.13158,1.13164
722,2019-03-15 13:31:16.395756,1.13158,1.13164
723,2019-03-15 13:31:16.445755,1.13158,1.13164
724,2019-03-15 13:31:16.450861,1.13158,1.13163
725,2019-03-15 13:31:16.505882,1.13158,1.13164
726,2019-03-15 13:31:16.580819,1.13158,1.13164
727,2019-03-15 13:31:16.710768,1.13157,1.13164
728,2019-03-15 13:31:16.795971,1.13159,1.13163
729,2019-03-15 13:31:16.800997,1.13158,1.13163
730,2019-03-15 13:31:16.876007,1.13158,1.13164
731,2019-03-15 13:31:16.955786,1.13158,1.13164
732,2019-03-15 13:31:17.095788,1.13157,1.13164
733,2019-03-15 13:31:17.790970,1.13159,1.13163
734,2019-03-15 13:31:17.800447,1.13159,1.13163
735,2019-03-15 13:31:17.885883,1.13158,1.13164
736,2019-03-15 13:31:17.955749,1.13158,1.13164
737,2019-03-15 13:31:17.960908,1.13159,1.13163
738,2019-03-15 13:31:18.015947,1.13158,1.13164
739,2019-03-15 13:31:18.035785,1.13158,1.13164
740,2019-03-15 13:31:18.090761,1.13158,1.13164
741,2019-03-15 13:31:18.100894,1.13159,1.13163
742,2019-03-15 13:31:18.180894,1.13158,1.13164
743,2019-03-15 13:31:18.255817,1.13157,1.13164
744,2019-03-15 13:31:18.265941,1.13159,1.13163
745,2019-03-15 13:31:18.315977,1.13158,1.13164
746,2019-03-15 13:31:18.335752,1.13158,1.13164
747,2019-03-15 13:31:18.390781,1.13158,1.13164
748,2019-03-15 13:31:18.530766,1.13158,1.13164
749,2019-03-15 13:31:21.745530,1.13158,1.13164
750,2019-03-15 13:31:23.335532,1.13158,1.13164
751,2019-03-15 13:31:23.390919,1.13158,1.13164
752,2019-03-15 13:31:23.701152,1.13158,1.13164
753,2019-03-15 13:31:23.706123,1.13158,1.13164
754,2019-03-15 13:31:23.776296,1.13158,1.13164
755,2019-03-15 13:31:25.155840,1.13157,1.13164
756,2019-03-15 13:31:25.860419,1.13157,1.13164
757,2019-03-15 13:31:27.850982,1.13159,1.13163
758,2019-03-15 13:31:27.860371,1.13159,1.13163
759,2019-03-15 13:31:27.900908,1.13158,1.13164
760,2019-03-15 13:31:27.930835,1.13158,1.13164
761,2019-03-15 13:31:27.975816,1.13158,1.13164
762,2019-03-15 13:31:27.980799,1.13158,1.13164
763,2019-03-15 13:31:28.070788,1.13158,1.13164
764,2019-03-15 13:31:28.125836,1.13158,1.13164
765,2019-03-15 13:31:31.089073,1.13158,1.13164
766,2019-03-15 13:31:31.390878,1.13158,1.13165
767,2019-03-15 13:31:31.395837,1.13159,1.13166
768,2019-03-15 13:31:31.401162,1.13159,1.13167
769,2019-03-15 13:31:33.314677,1.1316,1.13167
770,2019-03-15 13:31:33.370819,1.13159,1.13167
771,2019-03-15 13:31:33.380387,1.1316,1.13167
772,2019-03-15 13:31:33.385494,1.1316,1.13168
773,2019-03-15 13:31:33.390441,1.13161,1.13169
774,2019-03-15 13:31:33.395413,1.13163,1.13169
775,2019-03-15 13:31:33.400404,1.13163,1.13169
776,2019-03-15 13:31:33.405422,1.13163,1.13169
777,2019-03-15 13:31:33.410821,1.13163,1.13169
778,2019-03-15 13:31:33.415913,1.13163,1.13169
779,2019-03-15 13:31:33.433182,1.13163,1.1317
780,2019-03-15 13:31:33.438149,1.13163,1.1317
781,2019-03-15 13:31:33.443144,1.13161,1.13169
782,2019-03-15 13:31:33.451315,1.13163,1.13169
783,2019-03-15 13:31:33.460995,1.13163,1.1317
784,2019-03-15 13:31:33.470584,1.13163,1.1317
785,2019-03-15 13:31:33.482453,1.13163,1.13171
786,2019-03-15 13:31:33.487437,1.13164,1.13171
787,2019-03-15 13:31:33.493113,1.13164,1.13172
788,2019-03-15 13:31:33.500995,1.13164,1.13171
789,2019-03-15 13:31:33.506013,1.13164,1.13171
790,2019-03-15 13:31:33.511128,1.13163,1.13171
791,2019-03-15 13:31:33.519972,1.13164,1.13171
792,2019-03-15 13:31:33.535785,1.13163,1.1317
793,2019-03-15 13:31:33.545809,1.13163,1.1317
794,2019-03-15 13:31:33.551144,1.13163,1.1317
795,2019-03-15 13:31:33.566087,1.13163,1.13171
796,2019-03-15 13:31:33.590440,1.13163,1.13171
797,2019-03-15 13:31:33.651038,1.13165,1.13172
798,2019-03-15 13:31:33.660786,1.13164,1.13171
799,2019-03-15 13:31:33.681118,1.13164,1.13172
800,2019-03-15 13:31:33.686237,1.13164,1.13171
801,2019-03-15 13:31:33.691185,1.13165,1.13172
802,2019-03-15 13:31:33.696212,1.13165,1.13172
803,2019-03-15 13:31:33.701215,1.13165,1.13172
804,2019-03-15 13:31:33.720786,1.13164,1.13172
805,2019-03-15 13:31:33.740789,1.13164,1.13171
806,2019-03-15 13:31:33.765371,1.13164,1.13172
807,2019-03-15 13:31:33.960776,1.13164,1.13171
808,2019-03-15 13:31:34.035418,1.13164,1.13171
809,2019-03-15 13:31:34.116849,1.13164,1.13171
810,2019-03-15 13:31:34.123046,1.13163,1.1317
811,2019-03-15 13:31:34.128040,1.13163,1.1317
812,2019-03-15 13:31:34.400402,1.13163,1.1317
813,2019-03-15 13:31:34.690790,1.13164,1.1317
814,2019-03-15 13:31:34.799410,1.13164,1.13171
815,2019-03-15 13:31:34.849129,1.13164,1.13171
816,2019-03-15 13:31:34.855805,1.13164,1.13172
817,2019-03-15 13:31:35.045377,1.13164,1.13171
818,2019-03-15 13:31:35.135779,1.13164,1.13171
819,2019-03-15 13:31:35.282208,1.13164,1.1317
820,2019-03-15 13:31:35.290843,1.13163,1.1317
821,2019-03-15 13:31:36.004406,1.13164,1.1317
822,2019-03-15 13:31:36.010756,1.13164,1.13171
823,2019-03-15 13:31:36.435710,1.13164,1.13171
824,2019-03-15 13:31:36.800822,1.13164,1.13171
825,2019-03-15 13:31:36.805947,1.13165,1.13172
826,2019-03-15 13:31:36.815748,1.13165,1.13172
827,2019-03-15 13:31:36.845756,1.13164,1.13172
828,2019-03-15 13:31:36.855746,1.13164,1.13171
829,2019-03-15 13:31:36.875378,1.13164,1.13171
830,2019-03-15 13:31:36.905768,1.13164,1.13171
831,2019-03-15 13:31:36.910820,1.13164,1.13171
832,2019-03-15 13:31:36.915813,1.13164,1.13171
833,2019-03-15 13:31:36.925355,1.13164,1.13171
834,2019-03-15 13:31:36.980355,1.13164,1.13171
835,2019-03-15 13:31:36.985765,1.13164,1.13171
836,2019-03-15 13:31:36.990766,1.13164,1.13171
837,2019-03-15 13:31:36.995787,1.13164,1.13171
838,2019-03-15 13:31:37.000809,1.13164,1.13171
839,2019-03-15 13:31:37.060383,1.13164,1.13171
840,2019-03-15 13:31:37.070359,1.13164,1.13171
841,2019-03-15 13:31:37.105765,1.13164,1.13171
842,2019-03-15 13:31:37.180407,1.13164,1.13171
843,2019-03-15 13:31:37.263040,1.13164,1.13171
844,2019-03-15 13:31:37.269073,1.13165,1.13172
845,2019-03-15 13:31:37.274020,1.13169,1.13173
846,2019-03-15 13:31:37.325885,1.13169,1.13173
847,2019-03-15 13:31:37.376176,1.13168,1.13174
848,2019-03-15 13:31:37.535797,1.13169,1.13173
849,2019-03-15 13:31:37.620367,1.13169,1.13173
850,2019-03-15 13:31:37.625816,1.13169,1.13173
851,2019-03-15 13:31:38.690808,1.13169,1.13173
852,2019-03-15 13:31:39.215506,1.13169,1.13173
853,2019-03-15 13:31:39.235779,1.13168,1.13173
854,2019-03-15 13:31:39.240876,1.13168,1.13172
855,2019-03-15 13:31:39.245837,1.13168,1.13172
856,2019-03-15 13:31:39.251255,1.13168,1.13172
857,2019-03-15 13:31:39.300580,1.13169,1.13173
858,2019-03-15 13:31:39.305579,1.13169,1.13173
859,2019-03-15 13:31:39.331978,1.13169,1.13173
860,2019-03-15 13:31:39.337053,1.13167,1.13172
861,2019-03-15 13:31:39.342070,1.13167,1.13171
862,2019-03-15 13:31:39.347021,1.13166,1.13171
863,2019-03-15 13:31:39.352140,1.13167,1.13171
864,2019-03-15 13:31:39.357129,1.13164,1.13171
865,2019-03-15 13:31:39.371007,1.13163,1.1317
866,2019-03-15 13:31:39.390787,1.13164,1.13171
867,2019-03-15 13:31:39.405366,1.13164,1.13171
868,2019-03-15 13:31:39.440783,1.13164,1.1317
869,2019-03-15 13:31:39.580460,1.13163,1.1317
870,2019-03-15 13:31:39.650383,1.13163,1.1317
871,2019-03-15 13:31:39.715565,1.13164,1.13171
872,2019-03-15 13:31:39.830401,1.13164,1.13171
873,2019-03-15 13:31:39.915778,1.13164,1.13171
874,2019-03-15 13:31:39.965905,1.13163,1.1317
875,2019-03-15 13:31:39.970872,1.13163,1.1317
876,2019-03-15 13:31:39.980458,1.13163,1.13169
877,2019-03-15 13:31:39.985393,1.13163,1.1317
878,2019-03-15 13:31:40.045601,1.13163,1.13169
879,2019-03-15 13:31:40.060357,1.13163,1.13169
880,2019-03-15 13:31:40.226190,1.13164,1.13169
881,2019-03-15 13:31:40.250598,1.13164,1.13168
882,2019-03-15 13:31:40.310475,1.13164,1.13168
883,2019-03-15 13:31:40.360596,1.13164,1.13168
884,2019-03-15 13:31:40.945386,1.13164,1.13168
885,2019-03-15 13:31:42.161185,1.13163,1.13169
886,2019-03-15 13:31:42.205762,1.13164,1.13169
887,2019-03-15 13:31:42.304753,1.13164,1.13168
888,2019-03-15 13:31:42.905823,1.13163,1.13169
889,2019-03-15 13:31:42.995034,1.13163,1.13169
890,2019-03-15 13:31:43.249416,1.13163,1.1317
891,2019-03-15 13:31:43.256760,1.13164,1.13171
892,2019-03-15 13:31:43.262115,1.13164,1.13171
893,2019-03-15 13:31:43.266541,1.13164,1.13171
894,2019-03-15 13:31:43.273898,1.13164,1.13171
895,2019-03-15 13:31:43.278834,1.13164,1.13171
896,2019-03-15 13:31:43.283834,1.13163,1.1317
897,2019-03-15 13:31:43.315777,1.13163,1.1317
898,2019-03-15 13:31:43.335776,1.13163,1.1317
899,2019-03-15 13:31:43.476358,1.13164,1.1317
900,2019-03-15 13:31:43.481336,1.13164,1.13171
901,2019-03-15 13:31:43.486491,1.13168,1.13172
902,2019-03-15 13:31:43.494521,1.13169,1.13173
903,2019-03-15 13:31:43.499511,1.13168,1.13173
904,2019-03-15 13:31:43.535791,1.13169,1.13173
905,2019-03-15 13:31:43.540841,1.13168,1.13172
906,2019-03-15 13:31:43.545794,1.13167,1.13172
907,2019-03-15 13:31:43.570401,1.13168,1.13172
908,2019-03-15 13:31:43.590376,1.13168,1.13172
909,2019-03-15 13:31:43.630771,1.13168,1.13172
910,2019-03-15 13:31:43.760380,1.13168,1.13172
911,2019-03-15 13:31:43.865488,1.13169,1.13173
912,2019-03-15 13:31:43.875417,1.13168,1.13173
913,2019-03-15 13:31:43.880421,1.13169,1.13173
914,2019-03-15 13:31:43.885402,1.13169,1.13173
915,2019-03-15 13:31:43.900891,1.13169,1.13173
916,2019-03-15 13:31:44.010406,1.13169,1.13173
917,2019-03-15 13:31:44.295390,1.13169,1.13173
918,2019-03-15 13:31:44.315780,1.13168,1.13173
919,2019-03-15 13:31:44.920776,1.13169,1.13173
920,2019-03-15 13:31:45.175470,1.13169,1.13173
921,2019-03-15 13:31:45.185763,1.13169,1.13173
922,2019-03-15 13:31:45.335761,1.13169,1.13173
923,2019-03-15 13:31:45.380790,1.13169,1.13174
924,2019-03-15 13:31:45.408942,1.13168,1.13174
925,2019-03-15 13:31:45.463090,1.13169,1.13174
926,2019-03-15 13:31:45.711785,1.13168,1.13174
927,2019-03-15 13:31:45.717597,1.13168,1.13175
928,2019-03-15 13:31:45.728188,1.13168,1.13175
929,2019-03-15 13:31:45.733161,1.13169,1.13176
930,2019-03-15 13:31:45.738150,1.13169,1.13177
931,2019-03-15 13:31:45.743212,1.13173,1.13177
932,2019-03-15 13:31:45.755925,1.13172,1.13177
933,2019-03-15 13:31:45.785386,1.13173,1.13177
934,2019-03-15 13:31:45.795898,1.13169,1.13176
935,2019-03-15 13:31:45.815807,1.13169,1.13176
936,2019-03-15 13:31:45.820812,1.13169,1.13177
937,2019-03-15 13:31:45.825831,1.1317,1.13177
938,2019-03-15 13:31:45.831005,1.1317,1.13178
939,2019-03-15 13:31:45.836040,1.13174,1.13179
940,2019-03-15 13:31:45.870447,1.13174,1.13178
941,2019-03-15 13:31:45.886001,1.1317,1.13177
942,2019-03-15 13:31:45.945522,1.1317,1.13177
943,2019-03-15 13:31:45.960439,1.1317,1.13177
944,2019-03-15 13:31:46.020406,1.1317,1.13177
945,2019-03-15 13:31:46.070384,1.1317,1.13177
946,2019-03-15 13:31:46.225426,1.1317,1.13177
947,2019-03-15 13:31:46.300922,1.13174,1.13178
948,2019-03-15 13:31:46.310759,1.13173,1.13178
949,2019-03-15 13:31:46.355884,1.1317,1.13177
950,2019-03-15 13:31:46.365769,1.1317,1.13177
951,2019-03-15 13:31:48.435509,1.1317,1.13177
952,2019-03-15 13:31:48.803162,1.13169,1.13176
953,2019-03-15 13:31:48.810821,1.13169,1.13175
954,2019-03-15 13:31:48.816895,1.13168,1.13175
955,2019-03-15 13:31:48.823099,1.13168,1.13175
956,2019-03-15 13:31:48.830760,1.13169,1.13176
957,2019-03-15 13:31:48.880744,1.13169,1.13176
958,2019-03-15 13:31:48.895772,1.13168,1.13175
959,2019-03-15 13:31:48.900865,1.13169,1.13176
960,2019-03-15 13:31:48.955784,1.13168,1.13175
961,2019-03-15 13:31:49.123303,1.13169,1.13176
962,2019-03-15 13:31:49.129195,1.13169,1.13176
963,2019-03-15 13:31:49.134187,1.13169,1.13177
964,2019-03-15 13:31:49.167588,1.13169,1.13176
965,2019-03-15 13:31:49.185811,1.13169,1.13176
966,2019-03-15 13:31:49.190777,1.13168,1.13175
967,2019-03-15 13:31:49.233124,1.13169,1.13176
968,2019-03-15 13:31:49.238087,1.13169,1.13176
969,2019-03-15 13:31:49.288023,1.13168,1.13175
970,2019-03-15 13:31:49.292983,1.13168,1.13175
971,2019-03-15 13:31:49.490429,1.13168,1.13175
972,2019-03-15 13:31:49.725574,1.13168,1.13174
973,2019-03-15 13:31:50.281071,1.13167,1.13174
974,2019-03-15 13:31:50.420929,1.13169,1.13173
975,2019-03-15 13:31:50.430374,1.13169,1.13173
976,2019-03-15 13:31:50.475909,1.13168,1.13174
977,2019-03-15 13:31:50.680783,1.13167,1.13174
978,2019-03-15 13:31:50.940483,1.13168,1.13174
979,2019-03-15 13:31:51.214389,1.13169,1.13173
980,2019-03-15 13:31:51.220399,1.13169,1.13173
981,2019-03-15 13:31:51.763871,1.13168,1.13174
982,2019-03-15 13:31:51.785541,1.13168,1.13174
983,2019-03-15 13:31:51.791362,1.13169,1.13173
984,2019-03-15 13:31:51.796461,1.13169,1.13173
985,2019-03-15 13:31:51.910847,1.13169,1.13173
986,2019-03-15 13:31:53.085818,1.13169,1.13173
987,2019-03-15 13:31:53.990404,1.13169,1.13173
988,2019-03-15 13:31:54.069318,1.13168,1.13172
989,2019-03-15 13:31:54.074265,1.13167,1.13172
990,2019-03-15 13:31:54.079603,1.13164,1.1317
991,2019-03-15 13:31:54.084343,1.13163,1.1317
992,2019-03-15 13:31:54.089286,1.13163,1.1317
993,2019-03-15 13:31:54.094467,1.13163,1.13169
994,2019-03-15 13:31:54.099320,1.13164,1.13169
995,2019-03-15 13:31:54.105859,1.13164,1.13168
996,2019-03-15 13:31:54.140431,1.13163,1.13169
997,2019-03-15 13:31:54.155820,1.13163,1.13169
998,2019-03-15 13:31:54.180931,1.13164,1.1317
999,2019-03-15 13:31:54.255488,1.13164,1.1317
1000,2019-03-15 13:31:54.295417,1.13163,1.1317
1001,2019-03-15 13:31:54.345778,1.13163,1.1317
1002,2019-03-15 13:31:54.480383,1.13163,1.1317
1003,2019-03-15 13:31:54.660361,1.13163,1.1317
1004,2019-03-15 13:31:54.835771,1.13164,1.1317
1005,2019-03-15 13:31:54.850986,1.13164,1.13171
1006,2019-03-15 13:31:54.939096,1.13164,1.13171
1007,2019-03-15 13:31:54.944061,1.13164,1.13172
1008,2019-03-15 13:31:54.949047,1.13164,1.13171
1009,2019-03-15 13:31:54.960754,1.13164,1.13171
1010,2019-03-15 13:31:55.043230,1.13164,1.1317
1011,2019-03-15 13:31:55.051241,1.13163,1.1317
1012,2019-03-15 13:31:55.090731,1.13163,1.1317
1013,2019-03-15 13:31:55.122606,1.13163,1.1317
1014,2019-03-15 13:31:55.200774,1.13163,1.1317
1015,2019-03-15 13:31:55.255395,1.13163,1.1317
1016,2019-03-15 13:31:55.439420,1.13164,1.1317
1017,2019-03-15 13:31:55.444415,1.13164,1.13171
1018,2019-03-15 13:31:55.490432,1.13164,1.13171
1019,2019-03-15 13:31:55.955422,1.13164,1.13171
1020,2019-03-15 13:31:56.026618,1.13163,1.1317
1021,2019-03-15 13:31:56.031755,1.13163,1.1317
1022,2019-03-15 13:31:56.225783,1.13164,1.1317
1023,2019-03-15 13:31:56.235373,1.13163,1.1317
1024,2019-03-15 13:31:56.310775,1.13163,1.1317
1025,2019-03-15 13:31:57.078171,1.13162,1.13169
1026,2019-03-15 13:31:57.270785,1.13163,1.1317
1027,2019-03-15 13:31:57.350780,1.13163,1.1317
1028,2019-03-15 13:31:57.433703,1.13163,1.1317
1029,2019-03-15 13:31:57.780518,1.13164,1.1317
1030,2019-03-15 13:31:57.810800,1.13164,1.1317
1031,2019-03-15 13:31:57.854586,1.13165,1.13172
1032,2019-03-15 13:31:57.859611,1.13165,1.13173
1033,2019-03-15 13:31:57.864644,1.13169,1.13173
1034,2019-03-15 13:31:57.870811,1.13169,1.13172
1035,2019-03-15 13:31:57.935940,1.13167,1.13173
1036,2019-03-15 13:31:57.940953,1.13166,1.13172
1037,2019-03-15 13:31:57.946082,1.13165,1.13172
1038,2019-03-15 13:31:57.955915,1.13168,1.13172
1039,2019-03-15 13:31:58.010413,1.13168,1.13172
1040,2019-03-15 13:31:58.115798,1.13168,1.13172
1041,2019-03-15 13:31:58.288969,1.13167,1.13171
1042,2019-03-15 13:31:58.294126,1.13164,1.1317
1043,2019-03-15 13:31:58.299079,1.13163,1.13169
1044,2019-03-15 13:31:58.304016,1.13167,1.13171
1045,2019-03-15 13:31:58.308990,1.13163,1.1317
1046,2019-03-15 13:31:58.314027,1.13164,1.1317
1047,2019-03-15 13:31:58.320837,1.13164,1.13171
1048,2019-03-15 13:31:58.356012,1.13164,1.1317
1049,2019-03-15 13:31:58.390854,1.13163,1.13169
1050,2019-03-15 13:31:58.396701,1.13163,1.13169
1051,2019-03-15 13:31:58.401787,1.13164,1.1317
1052,2019-03-15 13:31:58.425853,1.13164,1.1317
1053,2019-03-15 13:31:58.451375,1.13163,1.13169
1054,2019-03-15 13:31:58.590398,1.13164,1.13169
1055,2019-03-15 13:31:58.651253,1.13164,1.1317
1056,2019-03-15 13:31:58.656235,1.13164,1.1317
1057,2019-03-15 13:31:58.695815,1.13164,1.1317
1058,2019-03-15 13:31:58.713002,1.13163,1.13169
1059,2019-03-15 13:31:58.725471,1.13163,1.13169
1060,2019-03-15 13:31:58.749411,1.13164,1.1317
1061,2019-03-15 13:31:58.754386,1.13164,1.1317
1062,2019-03-15 13:31:58.760359,1.13164,1.1317
1063,2019-03-15 13:31:58.765746,1.13164,1.1317
1064,2019-03-15 13:31:58.770829,1.13164,1.1317
1065,2019-03-15 13:31:58.778762,1.13163,1.13169
1066,2019-03-15 13:31:58.980396,1.13163,1.13169
1067,2019-03-15 13:31:59.135385,1.13163,1.13169
1068,2019-03-15 13:31:59.633190,1.13163,1.13169
1069,2019-03-15 13:32:00.040420,1.13163,1.13169
1070,2019-03-15 13:32:00.115374,1.13163,1.13169
1071,2019-03-15 13:32:00.245468,1.13163,1.13169
1072,2019-03-15 13:32:00.313121,1.13163,1.13169
1073,2019-03-15 13:32:00.813316,1.13164,1.1317
1074,2019-03-15 13:32:00.818309,1.13164,1.1317
1075,2019-03-15 13:32:00.823543,1.13164,1.13171
1076,2019-03-15 13:32:00.830374,1.13164,1.13171
1077,2019-03-15 13:32:00.840784,1.13164,1.1317
1078,2019-03-15 13:32:00.875789,1.13164,1.1317
1079,2019-03-15 13:32:00.910414,1.13164,1.1317
1080,2019-03-15 13:32:01.060778,1.13164,1.13171
1081,2019-03-15 13:32:01.200372,1.13164,1.13171
1082,2019-03-15 13:32:01.372664,1.13164,1.13171
1083,2019-03-15 13:32:01.380765,1.13164,1.13171
1084,2019-03-15 13:32:01.385890,1.13168,1.13172
1085,2019-03-15 13:32:01.390881,1.13168,1.13172
1086,2019-03-15 13:32:01.395944,1.13168,1.13172
1087,2019-03-15 13:32:01.400920,1.13168,1.13172
1088,2019-03-15 13:32:01.435996,1.13164,1.13171
1089,2019-03-15 13:32:01.445794,1.13164,1.13171
1090,2019-03-15 13:32:01.455267,1.13165,1.13172
1091,2019-03-15 13:32:01.470402,1.13165,1.13172
1092,2019-03-15 13:32:01.520372,1.13165,1.13172
1093,2019-03-15 13:32:01.577633,1.13165,1.13172
1094,2019-03-15 13:32:01.582625,1.13169,1.13172
1095,2019-03-15 13:32:01.624579,1.13169,1.13173
1096,2019-03-15 13:32:01.700762,1.13169,1.13172
1097,2019-03-15 13:32:02.524207,1.13168,1.13173
1098,2019-03-15 13:32:02.540818,1.13168,1.13174
1099,2019-03-15 13:32:02.700911,1.13169,1.13174
1100,2019-03-15 13:32:02.710792,1.13169,1.13175
1101,2019-03-15 13:32:02.715928,1.13169,1.13175
1102,2019-03-15 13:32:02.722983,1.13168,1.13174
1103,2019-03-15 13:32:02.727970,1.13168,1.13174
1104,2019-03-15 13:32:02.760760,1.13168,1.13174
1105,2019-03-15 13:32:02.790771,1.13167,1.13173
1106,2019-03-15 13:32:02.970774,1.13168,1.13174
1107,2019-03-15 13:32:02.980351,1.13168,1.13174
1108,2019-03-15 13:32:03.030772,1.13168,1.13174
1109,2019-03-15 13:32:03.081099,1.13169,1.13175
1110,2019-03-15 13:32:03.086075,1.13169,1.13175
1111,2019-03-15 13:32:03.091100,1.13169,1.13175
1112,2019-03-15 13:32:03.145802,1.13168,1.13174
1113,2019-03-15 13:32:03.470447,1.13169,1.13175
1114,2019-03-15 13:32:03.690788,1.13169,1.13175
1115,2019-03-15 13:32:03.715372,1.13169,1.13175
1116,2019-03-15 13:32:03.930773,1.13168,1.13175
1117,2019-03-15 13:32:04.330098,1.13168,1.13174
1118,2019-03-15 13:32:04.335069,1.13168,1.13174
1119,2019-03-15 13:32:04.721299,1.13169,1.13175
1120,2019-03-15 13:32:04.730880,1.13169,1.13175
1121,2019-03-15 13:32:04.775838,1.13168,1.13175
1122,2019-03-15 13:32:04.833363,1.13169,1.13175
1123,2019-03-15 13:32:04.839493,1.13169,1.13176
1124,2019-03-15 13:32:04.844521,1.13169,1.13176
1125,2019-03-15 13:32:04.851147,1.13173,1.13176
1126,2019-03-15 13:32:04.872805,1.13172,1.13176
1127,2019-03-15 13:32:04.877788,1.13172,1.13176
1128,2019-03-15 13:32:04.882756,1.13172,1.13175
1129,2019-03-15 13:32:04.906064,1.13168,1.13174
1130,2019-03-15 13:32:05.105804,1.13168,1.13174
1131,2019-03-15 13:32:05.130356,1.13168,1.13174
1132,2019-03-15 13:32:05.344039,1.13168,1.13174
1133,2019-03-15 13:32:05.689105,1.13169,1.13175
1134,2019-03-15 13:32:05.694661,1.13169,1.13175
1135,2019-03-15 13:32:05.699638,1.13169,1.13176
1136,2019-03-15 13:32:05.704643,1.13169,1.13175
1137,2019-03-15 13:32:05.709672,1.13169,1.13175
1138,2019-03-15 13:32:05.750807,1.13169,1.13175
1139,2019-03-15 13:32:05.755902,1.13169,1.13175
1140,2019-03-15 13:32:05.961427,1.13169,1.13175
1141,2019-03-15 13:32:06.005844,1.13169,1.13175
1142,2019-03-15 13:32:06.035869,1.13169,1.13175
1143,2019-03-15 13:32:06.067644,1.13168,1.13174
1144,2019-03-15 13:32:06.126020,1.13168,1.13174
1145,2019-03-15 13:32:06.136868,1.13169,1.13175
1146,2019-03-15 13:32:06.256084,1.13169,1.13175
1147,2019-03-15 13:32:07.140789,1.13169,1.13175
1148,2019-03-15 13:32:07.214626,1.13169,1.13176
1149,2019-03-15 13:32:07.226029,1.13169,1.13176
1150,2019-03-15 13:32:07.231020,1.1317,1.13177
1151,2019-03-15 13:32:07.236190,1.13174,1.13177
1152,2019-03-15 13:32:07.375919,1.1317,1.13177
1153,2019-03-15 13:32:07.630385,1.1317,1.13177
1154,2019-03-15 13:32:07.730971,1.13169,1.13176
1155,2019-03-15 13:32:08.060936,1.13173,1.13177
1156,2019-03-15 13:32:08.095755,1.13174,1.13177
1157,2019-03-15 13:32:08.115888,1.1317,1.13177
1158,2019-03-15 13:32:08.120932,1.13169,1.13176
1159,2019-03-15 13:32:08.130785,1.1317,1.13177
1160,2019-03-15 13:32:08.170765,1.1317,1.13177
1161,2019-03-15 13:32:08.175876,1.13174,1.13177
1162,2019-03-15 13:32:08.435782,1.13174,1.13178
1163,2019-03-15 13:32:08.915443,1.13174,1.13177
1164,2019-03-15 13:32:08.960795,1.13174,1.13178
1165,2019-03-15 13:32:09.065818,1.13173,1.13177
1166,2019-03-15 13:32:09.070822,1.13174,1.13177
1167,2019-03-15 13:32:09.076011,1.13173,1.13176
1168,2019-03-15 13:32:09.125945,1.13169,1.13176
1169,2019-03-15 13:32:09.195882,1.13173,1.13177
1170,2019-03-15 13:32:09.335892,1.13174,1.13177
1171,2019-03-15 13:32:09.385425,1.13173,1.13177
1172,2019-03-15 13:32:09.750777,1.13174,1.13177
1173,2019-03-15 13:32:10.909731,1.13173,1.13177
1174,2019-03-15 13:32:12.589719,1.13174,1.13177
1175,2019-03-15 13:32:12.594659,1.13173,1.13177
1176,2019-03-15 13:32:13.150566,1.13173,1.13176
1177,2019-03-15 13:32:13.234855,1.13173,1.13177
1178,2019-03-15 13:32:13.454551,1.13173,1.13176
1179,2019-03-15 13:32:14.907175,1.13172,1.13176
1180,2019-03-15 13:32:14.965815,1.13173,1.13176
1181,2019-03-15 13:32:16.570766,1.13173,1.13177
1182,2019-03-15 13:32:18.090418,1.13173,1.13176
1183,2019-03-15 13:32:18.460157,1.13172,1.13176
1184,2019-03-15 13:32:18.560270,1.13171,1.13175
1185,2019-03-15 13:32:20.136586,1.13172,1.13175
1186,2019-03-15 13:32:22.395791,1.13172,1.13176
1187,2019-03-15 13:32:26.069629,1.13173,1.13177
1188,2019-03-15 13:32:26.074558,1.13173,1.13176
1189,2019-03-15 13:32:26.079566,1.13173,1.13177
1190,2019-03-15 13:32:26.085774,1.13173,1.13177
1191,2019-03-15 13:32:26.697043,1.13172,1.13176
1192,2019-03-15 13:32:27.525466,1.13172,1.13176
1193,2019-03-15 13:32:27.535791,1.13172,1.13176
1194,2019-03-15 13:32:27.835631,1.13171,1.13175
1195,2019-03-15 13:32:29.170819,1.13172,1.13175
1196,2019-03-15 13:32:29.388933,1.13171,1.13175
1197,2019-03-15 13:32:29.394166,1.1317,1.13175
1198,2019-03-15 13:32:29.399119,1.13169,1.13175
1199,2019-03-15 13:32:29.404086,1.13166,1.13172
1200,2019-03-15 13:32:29.409055,1.13168,1.13172
1201,2019-03-15 13:32:29.414115,1.13168,1.13172
1202,2019-03-15 13:32:29.470882,1.13168,1.13172
1203,2019-03-15 13:32:29.480491,1.13168,1.13171
1204,2019-03-15 13:32:29.810385,1.13168,1.13172
1205,2019-03-15 13:32:30.355438,1.13168,1.13172
1206,2019-03-15 13:32:30.430394,1.13168,1.13172
1207,2019-03-15 13:32:30.713337,1.13169,1.13172
1208,2019-03-15 13:32:30.721001,1.13169,1.13173
1209,2019-03-15 13:32:30.726144,1.13169,1.13173
1210,2019-03-15 13:32:30.755889,1.13167,1.13173
1211,2019-03-15 13:32:30.765840,1.13168,1.13173
1212,2019-03-15 13:32:30.790417,1.13167,1.13173
1213,2019-03-15 13:32:30.840810,1.13168,1.13174
1214,2019-03-15 13:32:30.905765,1.13168,1.13174
1215,2019-03-15 13:32:30.945171,1.13169,1.13175
1216,2019-03-15 13:32:30.950170,1.13169,1.13176
1217,2019-03-15 13:32:30.955171,1.13169,1.13177
1218,2019-03-15 13:32:30.960197,1.13169,1.13176
1219,2019-03-15 13:32:30.965189,1.13169,1.13175
1220,2019-03-15 13:32:31.005797,1.13169,1.13175
1221,2019-03-15 13:32:31.015760,1.13169,1.13175
1222,2019-03-15 13:32:31.035822,1.13169,1.13175
1223,2019-03-15 13:32:31.475850,1.13168,1.13174
1224,2019-03-15 13:32:31.485786,1.13168,1.13174
1225,2019-03-15 13:32:31.510789,1.13169,1.13175
1226,2019-03-15 13:32:31.520761,1.13168,1.13174
1227,2019-03-15 13:32:31.715405,1.13168,1.13174
1228,2019-03-15 13:32:31.845783,1.13169,1.13175
1229,2019-03-15 13:32:31.857201,1.13169,1.13175
1230,2019-03-15 13:32:31.870787,1.13169,1.13175
1231,2019-03-15 13:32:31.900385,1.13169,1.13175
1232,2019-03-15 13:32:31.960789,1.13168,1.13175
1233,2019-03-15 13:32:31.995800,1.13169,1.13175
1234,2019-03-15 13:32:32.010781,1.13168,1.13174
1235,2019-03-15 13:32:32.325579,1.13169,1.13175
1236,2019-03-15 13:32:32.651468,1.13168,1.13174
1237,2019-03-15 13:32:33.540842,1.13169,1.13174
1238,2019-03-15 13:32:33.745398,1.13168,1.13174
1239,2019-03-15 13:32:33.775642,1.13168,1.13174
1240,2019-03-15 13:32:33.800877,1.13167,1.13174
1241,2019-03-15 13:32:33.805986,1.13169,1.13173
1242,2019-03-15 13:32:33.855936,1.13168,1.13174
1243,2019-03-15 13:32:33.860961,1.13168,1.13174
1244,2019-03-15 13:32:33.870825,1.13168,1.13174
1245,2019-03-15 13:32:33.890777,1.13168,1.13174
1246,2019-03-15 13:32:33.920368,1.13168,1.13174
1247,2019-03-15 13:32:33.930750,1.13168,1.13174
1248,2019-03-15 13:32:34.035924,1.13169,1.13173
1249,2019-03-15 13:32:34.080899,1.13169,1.13173
1250,2019-03-15 13:32:34.085885,1.13169,1.13172
1251,2019-03-15 13:32:34.110433,1.13169,1.13173
1252,2019-03-15 13:32:34.442010,1.13169,1.13172
1253,2019-03-15 13:32:34.655785,1.13168,1.13172
1254,2019-03-15 13:32:34.660782,1.13169,1.13172
1255,2019-03-15 13:32:35.410432,1.13168,1.13172
1256,2019-03-15 13:32:35.430198,1.13168,1.13172
1257,2019-03-15 13:32:35.490379,1.13168,1.13172
1258,2019-03-15 13:32:35.495433,1.13167,1.13171
1259,2019-03-15 13:32:35.500461,1.13166,1.1317
1260,2019-03-15 13:32:35.505483,1.13163,1.13169
1261,2019-03-15 13:32:35.510533,1.13164,1.1317
1262,2019-03-15 13:32:35.519627,1.13164,1.1317
1263,2019-03-15 13:32:35.555882,1.13164,1.1317
1264,2019-03-15 13:32:35.593554,1.13164,1.13171
1265,2019-03-15 13:32:35.655260,1.13164,1.1317
1266,2019-03-15 13:32:35.660306,1.13164,1.13171
1267,2019-03-15 13:32:35.665248,1.13164,1.1317
1268,2019-03-15 13:32:35.670251,1.13164,1.1317
1269,2019-03-15 13:32:35.675270,1.13164,1.1317
1270,2019-03-15 13:32:35.681052,1.13163,1.13169
1271,2019-03-15 13:32:35.686007,1.13163,1.13169
1272,2019-03-15 13:32:35.711517,1.13162,1.13169
1273,2019-03-15 13:32:35.720542,1.13162,1.13168
1274,2019-03-15 13:32:35.732494,1.13163,1.13169
1275,2019-03-15 13:32:35.737359,1.13163,1.13169
1276,2019-03-15 13:32:35.745813,1.13164,1.13169
1277,2019-03-15 13:32:35.780816,1.13164,1.1317
1278,2019-03-15 13:32:35.805881,1.13164,1.1317
1279,2019-03-15 13:32:35.810876,1.13163,1.13169
1280,2019-03-15 13:32:35.841249,1.13164,1.1317
1281,2019-03-15 13:32:35.847376,1.13164,1.13171
1282,2019-03-15 13:32:35.852693,1.13164,1.13171
1283,2019-03-15 13:32:35.866743,1.13164,1.13171
1284,2019-03-15 13:32:35.905398,1.13164,1.13171
1285,2019-03-15 13:32:35.973729,1.13165,1.13172
1286,2019-03-15 13:32:36.010951,1.13169,1.13172
1287,2019-03-15 13:32:36.050483,1.13168,1.13172
1288,2019-03-15 13:32:36.055440,1.13168,1.13172
1289,2019-03-15 13:32:36.060873,1.13164,1.13171
1290,2019-03-15 13:32:36.182932,1.13164,1.13171
1291,2019-03-15 13:32:36.190758,1.13164,1.1317
1292,2019-03-15 13:32:36.465418,1.13164,1.1317
1293,2019-03-15 13:32:36.543674,1.13164,1.13171
1294,2019-03-15 13:32:36.555781,1.13165,1.13172
1295,2019-03-15 13:32:36.810784,1.13164,1.13171
1296,2019-03-15 13:32:37.277917,1.13164,1.13171
1297,2019-03-15 13:32:37.327976,1.13164,1.13171
1298,2019-03-15 13:32:37.745912,1.13169,1.13173
1299,2019-03-15 13:32:37.777809,1.13169,1.13173
1300,2019-03-15 13:32:39.753435,1.13168,1.13173
1301,2019-03-15 13:32:40.676103,1.13169,1.13173
1302,2019-03-15 13:32:40.710426,1.13168,1.13173
1303,2019-03-15 13:32:40.760769,1.13168,1.13172
1304,2019-03-15 13:32:40.784323,1.13169,1.13173
1305,2019-03-15 13:32:40.800845,1.13169,1.13173
1306,2019-03-15 13:32:41.035523,1.13169,1.13173
1307,2019-03-15 13:32:41.275588,1.13169,1.13173
1308,2019-03-15 13:32:41.335793,1.13169,1.13173
1309,2019-03-15 13:32:42.625650,1.13169,1.13174
1310,2019-03-15 13:32:42.630752,1.13168,1.13175
1311,2019-03-15 13:32:42.635641,1.13168,1.13176
1312,2019-03-15 13:32:42.640678,1.13173,1.13177
1313,2019-03-15 13:32:42.645620,1.13173,1.13177
1314,2019-03-15 13:32:42.650652,1.13173,1.13178
1315,2019-03-15 13:32:42.655707,1.13174,1.13178
1316,2019-03-15 13:32:42.671047,1.13173,1.13178
1317,2019-03-15 13:32:42.681458,1.13174,1.13178
1318,2019-03-15 13:32:42.686475,1.13174,1.13178
1319,2019-03-15 13:32:42.695768,1.13174,1.13178
1320,2019-03-15 13:32:42.711488,1.13174,1.13178
1321,2019-03-15 13:32:42.725007,1.13174,1.13178
1322,2019-03-15 13:32:42.730023,1.13173,1.13179
1323,2019-03-15 13:32:42.735283,1.13173,1.1318
1324,2019-03-15 13:32:42.740569,1.13174,1.13181
1325,2019-03-15 13:32:42.745059,1.13174,1.13182
1326,2019-03-15 13:32:42.755832,1.13174,1.13181
1327,2019-03-15 13:32:42.760801,1.13174,1.13182
1328,2019-03-15 13:32:42.765807,1.13174,1.13181
1329,2019-03-15 13:32:42.770803,1.13173,1.13181
1330,2019-03-15 13:32:42.785921,1.13174,1.13181
1331,2019-03-15 13:32:42.790916,1.13174,1.13182
1332,2019-03-15 13:32:42.795975,1.13174,1.13181
1333,2019-03-15 13:32:42.800974,1.13174,1.13181
1334,2019-03-15 13:32:42.808590,1.13174,1.13181
1335,2019-03-15 13:32:42.815433,1.13174,1.13181
1336,2019-03-15 13:32:42.820445,1.13174,1.13182
1337,2019-03-15 13:32:42.825454,1.13175,1.13183
1338,2019-03-15 13:32:42.830476,1.13175,1.13183
1339,2019-03-15 13:32:42.840468,1.13174,1.13182
1340,2019-03-15 13:32:42.845467,1.13175,1.13182
1341,2019-03-15 13:32:42.870810,1.13173,1.13181
1342,2019-03-15 13:32:42.875783,1.13174,1.13181
1343,2019-03-15 13:32:42.880778,1.13173,1.13181
1344,2019-03-15 13:32:42.888162,1.13173,1.1318
1345,2019-03-15 13:32:42.900401,1.13173,1.1318
1346,2019-03-15 13:32:42.915756,1.13173,1.13179
1347,2019-03-15 13:32:42.944015,1.13173,1.13179
1348,2019-03-15 13:32:42.949142,1.13173,1.13179
1349,2019-03-15 13:32:42.980451,1.13173,1.13179
1350,2019-03-15 13:32:43.045765,1.13174,1.13179
1351,2019-03-15 13:32:43.050746,1.13173,1.13179
1352,2019-03-15 13:32:43.095749,1.13173,1.13179
1353,2019-03-15 13:32:43.258730,1.13173,1.13179
1354,2019-03-15 13:32:43.300833,1.13173,1.13179
1355,2019-03-15 13:32:43.309138,1.13173,1.1318
1356,2019-03-15 13:32:43.354863,1.13173,1.13179
1357,2019-03-15 13:32:43.395780,1.13173,1.1318
1358,2019-03-15 13:32:43.740368,1.13173,1.1318
1359,2019-03-15 13:32:43.758666,1.13173,1.1318
1360,2019-03-15 13:32:43.880784,1.13173,1.13179
1361,2019-03-15 13:32:45.087952,1.13174,1.13179
1362,2019-03-15 13:32:45.185819,1.13174,1.13178
1363,2019-03-15 13:32:45.195919,1.13174,1.13178
1364,2019-03-15 13:32:45.235373,1.13174,1.13178
1365,2019-03-15 13:32:45.240794,1.13174,1.13178
1366,2019-03-15 13:32:45.250635,1.13174,1.13178
1367,2019-03-15 13:32:45.380743,1.13173,1.13179
1368,2019-03-15 13:32:46.070485,1.13174,1.13179
1369,2019-03-15 13:32:46.565818,1.13174,1.13178
1370,2019-03-15 13:32:46.655822,1.13174,1.13178
1371,2019-03-15 13:32:46.839754,1.13173,1.13178
1372,2019-03-15 13:32:46.844930,1.1317,1.13177
1373,2019-03-15 13:32:46.851132,1.13169,1.13176
1374,2019-03-15 13:32:46.856201,1.13169,1.13176
1375,2019-03-15 13:32:46.861161,1.13168,1.13175
1376,2019-03-15 13:32:46.866153,1.13168,1.13174
1377,2019-03-15 13:32:46.871147,1.13169,1.13174
1378,2019-03-15 13:32:46.882810,1.13168,1.13174
1379,2019-03-15 13:32:46.926265,1.13168,1.13174
1380,2019-03-15 13:32:46.935813,1.13168,1.13174
1381,2019-03-15 13:32:47.090397,1.13168,1.13174
1382,2019-03-15 13:32:47.120384,1.13168,1.13174
1383,2019-03-15 13:32:47.490800,1.13169,1.13174
1384,2019-03-15 13:32:47.500391,1.13168,1.13174
1385,2019-03-15 13:32:47.515764,1.13169,1.13174
1386,2019-03-15 13:32:47.645794,1.13169,1.13173
1387,2019-03-15 13:32:47.687158,1.13168,1.13174
1388,2019-03-15 13:32:47.905428,1.13168,1.13174
1389,2019-03-15 13:32:49.069047,1.13168,1.13175
1390,2019-03-15 13:32:50.164052,1.13168,1.13176
1391,2019-03-15 13:32:50.169007,1.13169,1.13176
1392,2019-03-15 13:32:50.177360,1.1317,1.13177
1393,2019-03-15 13:32:50.182404,1.13169,1.13176
1394,2019-03-15 13:32:50.190448,1.13168,1.13176
1395,2019-03-15 13:32:50.210438,1.13168,1.13175
1396,2019-03-15 13:32:50.235884,1.13169,1.13176
1397,2019-03-15 13:32:50.240864,1.13169,1.13176
1398,2019-03-15 13:32:50.304650,1.1317,1.13177
1399,2019-03-15 13:32:50.309611,1.13169,1.13177
1400,2019-03-15 13:32:50.321225,1.13169,1.13176
1401,2019-03-15 13:32:50.327710,1.13169,1.13176
1402,2019-03-15 13:32:50.332643,1.1317,1.13177
1403,2019-03-15 13:32:50.375756,1.1317,1.13177
1404,2019-03-15 13:32:50.405293,1.13169,1.13176
1405,2019-03-15 13:32:50.410246,1.13169,1.13176
1406,2019-03-15 13:32:50.415245,1.13169,1.13176
1407,2019-03-15 13:32:50.427603,1.13169,1.13177
1408,2019-03-15 13:32:50.432628,1.13169,1.13177
1409,2019-03-15 13:32:50.437610,1.1317,1.13177
1410,2019-03-15 13:32:50.457756,1.1317,1.13177
1411,2019-03-15 13:32:50.462792,1.13169,1.13176
1412,2019-03-15 13:32:50.480745,1.13169,1.13176
1413,2019-03-15 13:32:50.497251,1.13169,1.13176
1414,2019-03-15 13:32:50.502260,1.13168,1.13175
1415,2019-03-15 13:32:50.507294,1.13168,1.13174
1416,2019-03-15 13:32:50.512271,1.13168,1.13174
1417,2019-03-15 13:32:50.530413,1.13168,1.13174
1418,2019-03-15 13:32:50.600576,1.13168,1.13174
1419,2019-03-15 13:32:50.680436,1.13168,1.13174
1420,2019-03-15 13:32:50.698688,1.13168,1.13175
1421,2019-03-15 13:32:50.705885,1.13169,1.13176
1422,2019-03-15 13:32:50.710904,1.13169,1.13176
1423,2019-03-15 13:32:50.895416,1.13169,1.13176
1424,2019-03-15 13:32:50.936284,1.13169,1.13175
1425,2019-03-15 13:32:50.941299,1.13168,1.13175
1426,2019-03-15 13:32:50.946388,1.13169,1.13173
1427,2019-03-15 13:32:50.951425,1.13169,1.13174
1428,2019-03-15 13:32:50.980757,1.13169,1.13173
1429,2019-03-15 13:32:51.015758,1.13169,1.13173
1430,2019-03-15 13:32:51.440408,1.13168,1.13173
1431,2019-03-15 13:32:51.693470,1.13169,1.13173
1432,2019-03-15 13:32:52.260497,1.13168,1.13172
1433,2019-03-15 13:32:52.875694,1.13169,1.13173
1434,2019-03-15 13:32:53.395739,1.13169,1.13173
1435,2019-03-15 13:32:54.460454,1.13169,1.13173
1436,2019-03-15 13:32:55.030398,1.13168,1.13173
1437,2019-03-15 13:32:55.080394,1.13169,1.13173
1438,2019-03-15 13:32:55.170413,1.13168,1.13173
1439,2019-03-15 13:32:55.515437,1.13169,1.13173
1440,2019-03-15 13:32:55.530801,1.13169,1.13174
1441,2019-03-15 13:32:55.540925,1.13168,1.13174
1442,2019-03-15 13:32:55.545901,1.13168,1.13175
1443,2019-03-15 13:32:55.550967,1.13168,1.13174
1444,2019-03-15 13:32:55.565419,1.13168,1.13174
1445,2019-03-15 13:32:55.615949,1.13169,1.13174
1446,2019-03-15 13:32:55.670912,1.13168,1.13174
1447,2019-03-15 13:32:55.690759,1.13168,1.13175
1448,2019-03-15 13:32:55.875767,1.13168,1.13174
1449,2019-03-15 13:32:56.520903,1.13168,1.13174
1450,2019-03-15 13:32:56.580793,1.13168,1.13175
1451,2019-03-15 13:32:57.230779,1.13168,1.13175
1452,2019-03-15 13:32:57.675788,1.13168,1.13175
1453,2019-03-15 13:32:57.685892,1.13169,1.13174
1454,2019-03-15 13:32:57.885764,1.13169,1.13173
1455,2019-03-15 13:32:58.610807,1.13169,1.13174
1456,2019-03-15 13:33:00.150833,1.13168,1.13174
1457,2019-03-15 13:33:00.195409,1.13169,1.13174
1458,2019-03-15 13:33:00.628322,1.13168,1.13175
1459,2019-03-15 13:33:00.633401,1.13168,1.13175
1460,2019-03-15 13:33:00.638463,1.13169,1.13176
1461,2019-03-15 13:33:00.643525,1.13169,1.13176
1462,2019-03-15 13:33:00.648442,1.13169,1.13176
1463,2019-03-15 13:33:00.653624,1.13168,1.13175
1464,2019-03-15 13:33:00.658608,1.13168,1.13174
1465,2019-03-15 13:33:00.665389,1.13168,1.13174
1466,2019-03-15 13:33:00.675350,1.13169,1.13174
1467,2019-03-15 13:33:00.690876,1.13169,1.13173
1468,2019-03-15 13:33:00.695901,1.13169,1.13173
1469,2019-03-15 13:33:00.705796,1.13169,1.13173
1470,2019-03-15 13:33:00.720759,1.13169,1.13174
1471,2019-03-15 13:33:00.753875,1.13168,1.13174
1472,2019-03-15 13:33:00.770766,1.13168,1.13174
1473,2019-03-15 13:33:00.915800,1.13169,1.13174
1474,2019-03-15 13:33:01.075427,1.13169,1.13173
1475,2019-03-15 13:33:01.520526,1.13169,1.13173
1476,2019-03-15 13:33:02.079295,1.13168,1.13173
1477,2019-03-15 13:33:02.084250,1.13167,1.13171
1478,2019-03-15 13:33:02.089356,1.13164,1.1317
1479,2019-03-15 13:33:02.094269,1.13164,1.13171
1480,2019-03-15 13:33:02.099249,1.13164,1.13171
1481,2019-03-15 13:33:02.104257,1.13163,1.1317
1482,2019-03-15 13:33:02.110852,1.13163,1.13169
1483,2019-03-15 13:33:02.145834,1.13163,1.13169
1484,2019-03-15 13:33:02.156016,1.13164,1.1317
1485,2019-03-15 13:33:02.161065,1.13164,1.13171
1486,2019-03-15 13:33:02.215809,1.13163,1.1317
1487,2019-03-15 13:33:02.300388,1.13164,1.1317
1488,2019-03-15 13:33:02.315914,1.13167,1.13172
1489,2019-03-15 13:33:02.321789,1.13167,1.13171
1490,2019-03-15 13:33:02.327088,1.13167,1.13172
1491,2019-03-15 13:33:02.331882,1.13169,1.13173
1492,2019-03-15 13:33:02.336969,1.13169,1.13173
1493,2019-03-15 13:33:02.350937,1.13169,1.13173
1494,2019-03-15 13:33:02.355948,1.13169,1.13173
1495,2019-03-15 13:33:02.405793,1.13169,1.13173
1496,2019-03-15 13:33:03.325265,1.13168,1.13174
1497,2019-03-15 13:33:03.345783,1.13168,1.13174
1498,2019-03-15 13:33:03.495782,1.13169,1.13174
1499,2019-03-15 13:33:03.789685,1.13168,1.13174
1500,2019-03-15 13:33:04.791739,1.13169,1.13174
1501,2019-03-15 13:33:04.804848,1.13168,1.13174
1502,2019-03-15 13:33:04.815760,1.13168,1.13174
1503,2019-03-15 13:33:04.880532,1.13168,1.13175
1504,2019-03-15 13:33:04.891204,1.13169,1.13176
1505,2019-03-15 13:33:04.895894,1.13169,1.13177
1506,2019-03-15 13:33:04.901554,1.13169,1.13176
1507,2019-03-15 13:33:04.906056,1.13169,1.13177
1508,2019-03-15 13:33:05.095415,1.1317,1.13177
1509,2019-03-15 13:33:05.480411,1.1317,1.13177
1510,2019-03-15 13:33:05.822321,1.1317,1.13177
1511,2019-03-15 13:33:06.175804,1.1317,1.13177
1512,2019-03-15 13:33:06.725823,1.1317,1.13177
1513,2019-03-15 13:33:10.560175,1.1317,1.13178
1514,2019-03-15 13:33:10.565788,1.13171,1.13178
1515,2019-03-15 13:33:10.570888,1.13174,1.13178
1516,2019-03-15 13:33:10.625900,1.1317,1.13178
1517,2019-03-15 13:33:10.640948,1.13171,1.13178
1518,2019-03-15 13:33:10.778833,1.1317,1.13178
1519,2019-03-15 13:33:10.861028,1.13174,1.13178
1520,2019-03-15 13:33:11.220892,1.1317,1.13178
1521,2019-03-15 13:33:11.355789,1.1317,1.13178
1522,2019-03-15 13:33:11.395960,1.13174,1.13178
1523,2019-03-15 13:33:11.658419,1.13174,1.13178
1524,2019-03-15 13:33:11.725904,1.1317,1.13177
1525,2019-03-15 13:33:12.200799,1.13169,1.13177
1526,2019-03-15 13:33:12.205882,1.1317,1.13177
1527,2019-03-15 13:33:12.210834,1.13169,1.13177
1528,2019-03-15 13:33:12.226113,1.1317,1.13177
1529,2019-03-15 13:33:12.391235,1.1317,1.13178
1530,2019-03-15 13:33:12.410424,1.1317,1.13177
1531,2019-03-15 13:33:12.430781,1.1317,1.13178
1532,2019-03-15 13:33:16.150481,1.1317,1.13177
1533,2019-03-15 13:33:16.590262,1.1317,1.13178
1534,2019-03-15 13:33:17.380200,1.1317,1.13178
1535,2019-03-15 13:33:18.381329,1.13171,1.13178
1536,2019-03-15 13:33:21.831001,1.13174,1.13179
1537,2019-03-15 13:33:21.985959,1.13173,1.13179
1538,2019-03-15 13:33:22.065421,1.13173,1.13179
1539,2019-03-15 13:33:22.070467,1.13173,1.1318
1540,2019-03-15 13:33:22.076013,1.13174,1.13181
1541,2019-03-15 13:33:22.080477,1.13173,1.13181
1542,2019-03-15 13:33:22.085486,1.13173,1.13181
1543,2019-03-15 13:33:22.090508,1.13174,1.13182
1544,2019-03-15 13:33:22.095524,1.13174,1.13181
1545,2019-03-15 13:33:22.105555,1.13173,1.1318
1546,2019-03-15 13:33:22.110585,1.13173,1.13179
1547,2019-03-15 13:33:22.130777,1.13173,1.13179
1548,2019-03-15 13:33:22.140783,1.13174,1.13179
1549,2019-03-15 13:33:22.190763,1.13173,1.13179
1550,2019-03-15 13:33:22.285384,1.13174,1.13179
1551,2019-03-15 13:33:22.480382,1.13173,1.13179
1552,2019-03-15 13:33:22.485379,1.13174,1.13179
1553,2019-03-15 13:33:22.590777,1.13174,1.13178
1554,2019-03-15 13:33:22.605520,1.13173,1.13179
1555,2019-03-15 13:33:22.694874,1.13174,1.13178
1556,2019-03-15 13:33:23.170794,1.13174,1.13179
1557,2019-03-15 13:33:23.235760,1.13174,1.13178
1558,2019-03-15 13:33:23.367181,1.13173,1.13178
1559,2019-03-15 13:33:23.451089,1.13174,1.13178
1560,2019-03-15 13:33:24.335781,1.13173,1.13179
1561,2019-03-15 13:33:24.690108,1.13173,1.13179
1562,2019-03-15 13:33:24.698216,1.13173,1.1318
1563,2019-03-15 13:33:24.703157,1.13173,1.1318
1564,2019-03-15 13:33:24.710782,1.13173,1.1318
1565,2019-03-15 13:33:24.805788,1.13173,1.13179
1566,2019-03-15 13:33:25.785810,1.13173,1.13179
1567,2019-03-15 13:33:25.860338,1.13173,1.13179
1568,2019-03-15 13:33:26.374770,1.13174,1.13178
1569,2019-03-15 13:33:26.565392,1.13174,1.13178
1570,2019-03-15 13:33:26.730803,1.13174,1.13178
1571,2019-03-15 13:33:27.018324,1.13173,1.13178
1572,2019-03-15 13:33:27.309574,1.13173,1.13177
1573,2019-03-15 13:33:28.680440,1.13173,1.13177
1574,2019-03-15 13:33:29.644971,1.13173,1.13177
1575,2019-03-15 13:33:29.716536,1.13173,1.13177
1576,2019-03-15 13:33:29.725963,1.13174,1.13178
1577,2019-03-15 13:33:29.863751,1.13174,1.13178
1578,2019-03-15 13:33:30.285117,1.13173,1.13178
1579,2019-03-15 13:33:30.304416,1.13169,1.13177
1580,2019-03-15 13:33:30.310832,1.13169,1.13176
1581,2019-03-15 13:33:30.315881,1.13169,1.13176
1582,2019-03-15 13:33:30.320961,1.13168,1.13175
1583,2019-03-15 13:33:30.325925,1.13168,1.13175
1584,2019-03-15 13:33:30.330890,1.13168,1.13175
1585,2019-03-15 13:33:30.352865,1.13168,1.13175
1586,2019-03-15 13:33:30.380757,1.13168,1.13175
1587,2019-03-15 13:33:30.385892,1.13168,1.13174
1588,2019-03-15 13:33:30.410793,1.13168,1.13175
1589,2019-03-15 13:33:30.435939,1.13169,1.13176
1590,2019-03-15 13:33:30.450879,1.13169,1.13176
1591,2019-03-15 13:33:30.457355,1.13169,1.13176
1592,2019-03-15 13:33:30.462367,1.13169,1.13176
1593,2019-03-15 13:33:30.467352,1.13168,1.13175
1594,2019-03-15 13:33:30.510808,1.13168,1.13174
1595,2019-03-15 13:33:30.515869,1.13169,1.13175
1596,2019-03-15 13:33:30.520999,1.13168,1.13175
1597,2019-03-15 13:33:30.535372,1.13168,1.13175
1598,2019-03-15 13:33:30.607934,1.13168,1.13175
1599,2019-03-15 13:33:30.615467,1.13168,1.13175
1600,2019-03-15 13:33:30.625786,1.13169,1.13174
1601,2019-03-15 13:33:30.632613,1.13168,1.13174
1602,2019-03-15 13:33:30.735804,1.13168,1.13174
1603,2019-03-15 13:33:30.750383,1.13168,1.13174
1604,2019-03-15 13:33:30.770764,1.13168,1.13175
1605,2019-03-15 13:33:31.040417,1.13168,1.13174
1606,2019-03-15 13:33:31.115778,1.13168,1.13175
1607,2019-03-15 13:33:31.283983,1.13168,1.13174
1608,2019-03-15 13:33:31.695831,1.13168,1.13175
1609,2019-03-15 13:33:31.705385,1.13168,1.13175
1610,2019-03-15 13:33:31.710422,1.13168,1.13175
1611,2019-03-15 13:33:32.034078,1.13168,1.13175
1612,2019-03-15 13:33:32.039062,1.13169,1.13177
1613,2019-03-15 13:33:32.044091,1.1317,1.13177
1614,2019-03-15 13:33:32.049661,1.1317,1.13177
1615,2019-03-15 13:33:32.054624,1.13171,1.13178
1616,2019-03-15 13:33:32.059692,1.1317,1.13177
1617,2019-03-15 13:33:32.064674,1.1317,1.13177
1618,2019-03-15 13:33:32.069660,1.13169,1.13176
1619,2019-03-15 13:33:32.074660,1.13169,1.13177
1620,2019-03-15 13:33:32.093615,1.13169,1.13176
1621,2019-03-15 13:33:32.100853,1.13169,1.13176
1622,2019-03-15 13:33:32.131538,1.13169,1.13176
1623,2019-03-15 13:33:32.140798,1.13169,1.13176
1624,2019-03-15 13:33:32.150759,1.13169,1.13177
1625,2019-03-15 13:33:32.248170,1.1317,1.13177
1626,2019-03-15 13:33:32.340390,1.1317,1.13177
1627,2019-03-15 13:33:32.350411,1.13169,1.13177
1628,2019-03-15 13:33:32.386487,1.1317,1.13177
1629,2019-03-15 13:33:32.425497,1.13169,1.13177
1630,2019-03-15 13:33:32.505802,1.13169,1.13176
1631,2019-03-15 13:33:32.730783,1.13169,1.13176
1632,2019-03-15 13:33:33.205816,1.13169,1.13176
1633,2019-03-15 13:33:33.865774,1.13169,1.13176
1634,2019-03-15 13:33:34.215308,1.1317,1.13177
1635,2019-03-15 13:33:34.225783,1.1317,1.13177
1636,2019-03-15 13:33:34.780418,1.13169,1.13177
1637,2019-03-15 13:33:34.898796,1.13169,1.13176
1638,2019-03-15 13:33:34.904514,1.13169,1.13176
1639,2019-03-15 13:33:34.909449,1.13168,1.13175
1640,2019-03-15 13:33:34.915851,1.13169,1.13176
1641,2019-03-15 13:33:34.940751,1.13169,1.13176
1642,2019-03-15 13:33:34.960792,1.13169,1.13176
1643,2019-03-15 13:33:35.015781,1.13169,1.13176
1644,2019-03-15 13:33:35.020792,1.13169,1.13176
1645,2019-03-15 13:33:35.140781,1.13169,1.13176
1646,2019-03-15 13:33:35.155798,1.13169,1.13176
1647,2019-03-15 13:33:35.190382,1.13169,1.13176
1648,2019-03-15 13:33:36.131867,1.13169,1.13176
1649,2019-03-15 13:33:36.190764,1.13169,1.13176
1650,2019-03-15 13:33:36.209139,1.13169,1.13177
1651,2019-03-15 13:33:36.215764,1.13169,1.13177
1652,2019-03-15 13:33:36.225814,1.13169,1.13176
1653,2019-03-15 13:33:36.235776,1.13169,1.13177
1654,2019-03-15 13:33:36.315769,1.13169,1.13176
1655,2019-03-15 13:33:39.010537,1.13169,1.13176
1656,2019-03-15 13:33:39.700508,1.13169,1.13176
1657,2019-03-15 13:33:40.461745,1.13169,1.13176
1658,2019-03-15 13:33:40.466681,1.13168,1.13175
1659,2019-03-15 13:33:40.471684,1.13168,1.13175
1660,2019-03-15 13:33:40.476674,1.13168,1.13175
1661,2019-03-15 13:33:40.550867,1.13169,1.13174
1662,2019-03-15 13:33:40.555942,1.13169,1.13173
1663,2019-03-15 13:33:40.560977,1.13168,1.13174
1664,2019-03-15 13:33:40.575391,1.13169,1.13174
1665,2019-03-15 13:33:40.600769,1.13168,1.13174
1666,2019-03-15 13:33:40.610802,1.13169,1.13174
1667,2019-03-15 13:33:41.210458,1.13169,1.13173
1668,2019-03-15 13:33:41.960804,1.13169,1.13173
1669,2019-03-15 13:33:43.170940,1.13168,1.13174
1670,2019-03-15 13:33:43.185825,1.13168,1.13174
1671,2019-03-15 13:33:43.195979,1.13169,1.13173
1672,2019-03-15 13:33:43.245414,1.13169,1.13174
1673,2019-03-15 13:33:43.250417,1.13168,1.13174
1674,2019-03-15 13:33:43.255430,1.13169,1.13176
1675,2019-03-15 13:33:43.305898,1.13168,1.13175
1676,2019-03-15 13:33:43.325756,1.13169,1.13176
1677,2019-03-15 13:33:43.335832,1.13169,1.13176
1678,2019-03-15 13:33:43.340859,1.13169,1.13177
1679,2019-03-15 13:33:43.345901,1.13169,1.13176
1680,2019-03-15 13:33:43.351168,1.13169,1.13177
1681,2019-03-15 13:33:43.357012,1.1317,1.13177
1682,2019-03-15 13:33:43.362000,1.1317,1.13177
1683,2019-03-15 13:33:43.437317,1.1317,1.13177
1684,2019-03-15 13:33:43.550668,1.1317,1.13177
1685,2019-03-15 13:33:43.715809,1.1317,1.13177
1686,2019-03-15 13:33:44.795480,1.1317,1.13177
1687,2019-03-15 13:33:44.805768,1.13169,1.13177
1688,2019-03-15 13:33:44.880323,1.13169,1.13176
1689,2019-03-15 13:33:44.885278,1.13169,1.13176
1690,2019-03-15 13:33:44.890233,1.13169,1.13175
1691,2019-03-15 13:33:44.900747,1.13169,1.13176
1692,2019-03-15 13:33:44.979988,1.13169,1.13176
1693,2019-03-15 13:33:44.985841,1.13168,1.13175
1694,2019-03-15 13:33:44.995763,1.13168,1.13175
1695,2019-03-15 13:33:45.115031,1.13168,1.13174
1696,2019-03-15 13:33:45.175389,1.13168,1.13175
1697,2019-03-15 13:33:45.975925,1.13168,1.13174
1698,2019-03-15 13:33:45.985400,1.13168,1.13174
1699,2019-03-15 13:33:46.045911,1.13168,1.13175
1700,2019-03-15 13:33:46.120799,1.13168,1.13175
1701,2019-03-15 13:33:46.130935,1.13168,1.13174
1702,2019-03-15 13:33:46.180888,1.13168,1.13175
1703,2019-03-15 13:33:46.205764,1.13169,1.13175
1704,2019-03-15 13:33:46.220438,1.13168,1.13175
1705,2019-03-15 13:33:46.235760,1.13168,1.13175
1706,2019-03-15 13:33:46.530897,1.13169,1.13174
1707,2019-03-15 13:33:46.535859,1.13168,1.13174
1708,2019-03-15 13:33:46.600376,1.13168,1.13174
1709,2019-03-15 13:33:46.877297,1.13168,1.13175
1710,2019-03-15 13:33:46.883272,1.13168,1.13176
1711,2019-03-15 13:33:46.888596,1.13169,1.13176
1712,2019-03-15 13:33:46.893600,1.13168,1.13175
1713,2019-03-15 13:33:46.898675,1.13169,1.13175
1714,2019-03-15 13:33:46.925833,1.13168,1.13175
1715,2019-03-15 13:33:46.940779,1.13168,1.13175
1716,2019-03-15 13:33:46.975762,1.13168,1.13175
1717,2019-03-15 13:33:47.095431,1.13168,1.13175
1718,2019-03-15 13:33:47.301009,1.13169,1.13173
1719,2019-03-15 13:33:47.305908,1.13169,1.13173
1720,2019-03-15 13:33:47.310901,1.13169,1.13173
1721,2019-03-15 13:33:47.350892,1.13168,1.13174
1722,2019-03-15 13:33:47.360874,1.13169,1.13174
1723,2019-03-15 13:33:47.375751,1.13169,1.13173
1724,2019-03-15 13:33:47.410783,1.13169,1.13173
1725,2019-03-15 13:33:47.415850,1.13169,1.13173
1726,2019-03-15 13:33:47.425427,1.13169,1.13173
1727,2019-03-15 13:33:47.440371,1.13169,1.13173
1728,2019-03-15 13:33:48.780775,1.13169,1.13173
1729,2019-03-15 13:33:52.125557,1.13168,1.13173
1730,2019-03-15 13:33:52.850411,1.13169,1.13173
1731,2019-03-15 13:33:53.591182,1.13168,1.13174
1732,2019-03-15 13:33:54.992412,1.13169,1.13174
1733,2019-03-15 13:33:55.495411,1.13169,1.13173
1734,2019-03-15 13:33:55.520792,1.13168,1.13174
1735,2019-03-15 13:33:55.525825,1.13168,1.13174
1736,2019-03-15 13:33:55.610379,1.13168,1.13174
1737,2019-03-15 13:33:55.620384,1.13168,1.13174
1738,2019-03-15 13:33:55.650767,1.13169,1.13174
1739,2019-03-15 13:33:55.655780,1.13169,1.13173
1740,2019-03-15 13:33:55.866126,1.13168,1.13173
1741,2019-03-15 13:33:55.874567,1.13168,1.13172
1742,2019-03-15 13:33:55.880292,1.13167,1.13172
1743,2019-03-15 13:33:55.886229,1.13163,1.1317
1744,2019-03-15 13:33:55.915935,1.13164,1.13169
1745,2019-03-15 13:33:55.940373,1.13163,1.13169
1746,2019-03-15 13:33:55.945487,1.13163,1.13169
1747,2019-03-15 13:33:55.950793,1.13163,1.13169
1748,2019-03-15 13:33:55.965914,1.13163,1.1317
1749,2019-03-15 13:33:55.985778,1.13164,1.1317
1750,2019-03-15 13:33:56.023921,1.13163,1.1317
1751,2019-03-15 13:33:56.035761,1.13163,1.13169
1752,2019-03-15 13:33:56.090362,1.13163,1.1317
1753,2019-03-15 13:33:56.100873,1.13164,1.13169
1754,2019-03-15 13:33:56.170428,1.13163,1.13169
1755,2019-03-15 13:33:56.180785,1.13164,1.13168
1756,2019-03-15 13:33:56.185774,1.13164,1.13168
1757,2019-03-15 13:33:56.195447,1.13164,1.13168
1758,2019-03-15 13:33:56.245435,1.13164,1.13168
1759,2019-03-15 13:33:56.266109,1.13163,1.13168
1760,2019-03-15 13:33:56.271150,1.13163,1.13167
1761,2019-03-15 13:33:56.276087,1.13163,1.13167
1762,2019-03-15 13:33:56.285437,1.13163,1.13167
1763,2019-03-15 13:33:56.380771,1.13164,1.13168
1764,2019-03-15 13:33:56.500771,1.13164,1.13168
1765,2019-03-15 13:33:56.515370,1.13164,1.13168
1766,2019-03-15 13:33:56.880781,1.13164,1.13168
1767,2019-03-15 13:33:57.705946,1.13163,1.1317
1768,2019-03-15 13:33:57.715747,1.13163,1.13169
1769,2019-03-15 13:33:57.720774,1.13163,1.13169
1770,2019-03-15 13:33:57.726290,1.13163,1.13169
1771,2019-03-15 13:33:57.745386,1.13164,1.13169
1772,2019-03-15 13:33:57.780908,1.13163,1.1317
1773,2019-03-15 13:33:57.805749,1.13163,1.13169
1774,2019-03-15 13:33:57.860762,1.13163,1.1317
1775,2019-03-15 13:33:57.894071,1.13162,1.13169
1776,2019-03-15 13:33:58.020872,1.13164,1.13168
1777,2019-03-15 13:33:58.100933,1.13162,1.13169
1778,2019-03-15 13:33:58.230775,1.13162,1.13169
1779,2019-03-15 13:33:58.250940,1.13164,1.13168
1780,2019-03-15 13:33:58.275759,1.13164,1.13168
1781,2019-03-15 13:33:58.300922,1.13163,1.13169
1782,2019-03-15 13:33:58.330758,1.13163,1.1317
1783,2019-03-15 13:33:58.375901,1.13162,1.13169
1784,2019-03-15 13:33:58.830975,1.13164,1.13168
1785,2019-03-15 13:33:58.835880,1.13164,1.13168
1786,2019-03-15 13:33:58.880890,1.13162,1.13169
1787,2019-03-15 13:33:58.910822,1.13163,1.1317
1788,2019-03-15 13:33:58.955766,1.13162,1.13169
1789,2019-03-15 13:33:59.145885,1.13164,1.13168
1790,2019-03-15 13:33:59.220896,1.13163,1.13169
1791,2019-03-15 13:33:59.230740,1.13163,1.1317
1792,2019-03-15 13:33:59.255776,1.13162,1.13169
1793,2019-03-15 13:33:59.295743,1.13162,1.13169
1794,2019-03-15 13:34:00.215995,1.13164,1.13168
1795,2019-03-15 13:34:00.265926,1.13162,1.13169
1796,2019-03-15 13:34:00.295769,1.13163,1.13169
1797,2019-03-15 13:34:00.306800,1.13163,1.1317
1798,2019-03-15 13:34:00.311814,1.13164,1.1317
1799,2019-03-15 13:34:00.316833,1.13164,1.13171
1800,2019-03-15 13:34:00.340912,1.13163,1.1317
1801,2019-03-15 13:34:00.372650,1.13162,1.13169
1802,2019-03-15 13:34:00.385898,1.13164,1.13168
1803,2019-03-15 13:34:00.460421,1.13164,1.13168
1804,2019-03-15 13:34:00.525900,1.13163,1.13169
1805,2019-03-15 13:34:00.535775,1.13162,1.13169
1806,2019-03-15 13:34:00.610941,1.13164,1.13169
1807,2019-03-15 13:34:00.712735,1.13164,1.13168
1808,2019-03-15 13:34:00.960757,1.13163,1.13168
1809,2019-03-15 13:34:01.010533,1.13164,1.13168
1810,2019-03-15 13:34:01.015794,1.13164,1.13168
1811,2019-03-15 13:34:01.050437,1.13164,1.13168
1812,2019-03-15 13:34:01.750749,1.13164,1.13168
1813,2019-03-15 13:34:02.325816,1.13164,1.13168
1814,2019-03-15 13:34:02.345904,1.13163,1.13169
1815,2019-03-15 13:34:02.355789,1.13163,1.13169
1816,2019-03-15 13:34:02.420920,1.13163,1.1317
1817,2019-03-15 13:34:02.425978,1.13164,1.1317
1818,2019-03-15 13:34:02.431017,1.13165,1.13172
1819,2019-03-15 13:34:02.435974,1.13168,1.13172
1820,2019-03-15 13:34:02.480892,1.13164,1.13172
1821,2019-03-15 13:34:02.536467,1.13165,1.13172
1822,2019-03-15 13:34:02.619286,1.13164,1.13172
1823,2019-03-15 13:34:03.227068,1.13165,1.13172
1824,2019-03-15 13:34:03.240373,1.13165,1.13172
1825,2019-03-15 13:34:03.370785,1.13164,1.13171
1826,2019-03-15 13:34:03.375822,1.13164,1.13171
1827,2019-03-15 13:34:03.650414,1.13164,1.13171
1828,2019-03-15 13:34:03.760424,1.13164,1.13171
1829,2019-03-15 13:34:04.525792,1.13164,1.13171
1830,2019-03-15 13:34:04.600791,1.13164,1.13171
1831,2019-03-15 13:34:04.720794,1.13164,1.13171
1832,2019-03-15 13:34:05.030784,1.13164,1.13171
1833,2019-03-15 13:34:05.405815,1.13164,1.13171
1834,2019-03-15 13:34:06.365778,1.13164,1.13171
1835,2019-03-15 13:34:06.415779,1.13164,1.13171
1836,2019-03-15 13:34:07.195796,1.13164,1.13171
1837,2019-03-15 13:34:07.630501,1.13164,1.13171
1838,2019-03-15 13:34:07.640454,1.13164,1.13171
1839,2019-03-15 13:34:07.750485,1.13164,1.13171
1840,2019-03-15 13:34:08.093154,1.13164,1.13171
1841,2019-03-15 13:34:08.150423,1.13164,1.13171
1842,2019-03-15 13:34:09.119510,1.13164,1.13172
1843,2019-03-15 13:34:09.432700,1.13165,1.13172
1844,2019-03-15 13:34:09.437605,1.13165,1.13172
1845,2019-03-15 13:34:09.442592,1.13164,1.13172
1846,2019-03-15 13:34:09.490772,1.13164,1.13171
1847,2019-03-15 13:34:09.495776,1.13164,1.13171
1848,2019-03-15 13:34:10.141162,1.13165,1.13172
1849,2019-03-15 13:34:10.146106,1.13165,1.13172
1850,2019-03-15 13:34:10.155917,1.13169,1.13173
1851,2019-03-15 13:34:10.165892,1.13168,1.13173
1852,2019-03-15 13:34:10.215787,1.13169,1.13173
1853,2019-03-15 13:34:10.405384,1.13169,1.13173
1854,2019-03-15 13:34:11.415775,1.13169,1.13173
1855,2019-03-15 13:34:11.576184,1.13169,1.13174
1856,2019-03-15 13:34:11.660789,1.13169,1.13173
1857,2019-03-15 13:34:11.740390,1.13169,1.13173
1858,2019-03-15 13:34:11.787015,1.13168,1.13174
1859,2019-03-15 13:34:11.910414,1.13168,1.13174
1860,2019-03-15 13:34:12.007321,1.13168,1.13174
1861,2019-03-15 13:34:12.021373,1.13169,1.13176
1862,2019-03-15 13:34:12.040433,1.13169,1.13176
1863,2019-03-15 13:34:12.070829,1.13169,1.13176
1864,2019-03-15 13:34:12.080808,1.13169,1.13175
1865,2019-03-15 13:34:12.100232,1.13169,1.13176
1866,2019-03-15 13:34:12.105155,1.13169,1.13176
1867,2019-03-15 13:34:12.111018,1.13169,1.13176
1868,2019-03-15 13:34:12.115874,1.13168,1.13175
1869,2019-03-15 13:34:12.121031,1.13168,1.13175
1870,2019-03-15 13:34:12.140863,1.13168,1.13175
1871,2019-03-15 13:34:12.165799,1.13168,1.13175
1872,2019-03-15 13:34:12.190754,1.13168,1.13175
1873,2019-03-15 13:34:12.208348,1.13168,1.13175
1874,2019-03-15 13:34:12.213313,1.13168,1.13175
1875,2019-03-15 13:34:12.734657,1.13169,1.13175
1876,2019-03-15 13:34:13.271755,1.13168,1.13175
1877,2019-03-15 13:34:13.795791,1.13168,1.13174
1878,2019-03-15 13:34:13.800946,1.13169,1.13173
1879,2019-03-15 13:34:13.855908,1.13168,1.13174
1880,2019-03-15 13:34:13.875799,1.13168,1.13175
1881,2019-03-15 13:34:13.930766,1.13168,1.13174
1882,2019-03-15 13:34:13.940891,1.13169,1.13174
1883,2019-03-15 13:34:13.990891,1.13168,1.13174
1884,2019-03-15 13:34:14.010796,1.13168,1.13175
1885,2019-03-15 13:34:14.020778,1.13168,1.13174
1886,2019-03-15 13:34:14.110755,1.13167,1.13174
1887,2019-03-15 13:34:14.135762,1.13168,1.13175
1888,2019-03-15 13:34:14.500827,1.13167,1.13174
1889,2019-03-15 13:34:14.600904,1.13169,1.13173
1890,2019-03-15 13:34:14.610378,1.13169,1.13173
1891,2019-03-15 13:34:14.655880,1.13168,1.13174
1892,2019-03-15 13:34:14.675764,1.13168,1.13175
1893,2019-03-15 13:34:14.730771,1.13167,1.13174
1894,2019-03-15 13:34:14.850922,1.13169,1.13173
1895,2019-03-15 13:34:14.920379,1.13169,1.13173
1896,2019-03-15 13:34:15.090892,1.13168,1.13174
1897,2019-03-15 13:34:15.095886,1.13168,1.13175
1898,2019-03-15 13:34:15.100882,1.13169,1.13176
1899,2019-03-15 13:34:15.105976,1.13168,1.13175
1900,2019-03-15 13:34:15.110992,1.13168,1.13175
1901,2019-03-15 13:34:15.195894,1.13169,1.13174
1902,2019-03-15 13:34:15.205454,1.13168,1.13174
1903,2019-03-15 13:34:15.210457,1.13168,1.13174
1904,2019-03-15 13:34:15.220451,1.13168,1.13174
1905,2019-03-15 13:34:15.245898,1.13168,1.13175
1906,2019-03-15 13:34:15.265766,1.13169,1.13175
1907,2019-03-15 13:34:15.320773,1.13168,1.13175
1908,2019-03-15 13:34:15.485766,1.13169,1.13175
1909,2019-03-15 13:34:15.634517,1.13169,1.13176
1910,2019-03-15 13:34:15.639537,1.13169,1.13176
1911,2019-03-15 13:34:15.644535,1.13169,1.13177
1912,2019-03-15 13:34:15.649615,1.13169,1.13177
1913,2019-03-15 13:34:15.835397,1.13169,1.13177
1914,2019-03-15 13:34:16.134350,1.1317,1.13177
1915,2019-03-15 13:34:16.140954,1.13174,1.13178
1916,2019-03-15 13:34:16.170391,1.13174,1.13178
1917,2019-03-15 13:34:16.815792,1.13173,1.13178
1918,2019-03-15 13:34:17.769279,1.13173,1.13177
1919,2019-03-15 13:34:18.101697,1.13173,1.13177
1920,2019-03-15 13:34:18.122187,1.13174,1.13178
1921,2019-03-15 13:34:18.131592,1.13174,1.13179
1922,2019-03-15 13:34:18.188321,1.13174,1.13178
1923,2019-03-15 13:34:18.250803,1.13174,1.13179
1924,2019-03-15 13:34:18.315501,1.13174,1.13178
1925,2019-03-15 13:34:18.371042,1.13173,1.13179
1926,2019-03-15 13:34:18.565661,1.13174,1.13178
1927,2019-03-15 13:34:18.700771,1.13173,1.13178
1928,2019-03-15 13:34:19.950815,1.13174,1.13178
1929,2019-03-15 13:34:20.176100,1.13173,1.13177
1930,2019-03-15 13:34:20.181028,1.13172,1.13177
1931,2019-03-15 13:34:20.186040,1.13172,1.13176
1932,2019-03-15 13:34:20.191012,1.13172,1.13177
1933,2019-03-15 13:34:20.244366,1.13172,1.13176
1934,2019-03-15 13:34:20.251312,1.13169,1.13176
1935,2019-03-15 13:34:20.256532,1.13168,1.13175
1936,2019-03-15 13:34:20.261717,1.13168,1.13174
1937,2019-03-15 13:34:20.293554,1.13169,1.13173
1938,2019-03-15 13:34:20.305780,1.13169,1.13173
1939,2019-03-15 13:34:20.315756,1.13169,1.13173
1940,2019-03-15 13:34:20.335793,1.13169,1.13173
1941,2019-03-15 13:34:20.345536,1.13169,1.13173
1942,2019-03-15 13:34:20.360772,1.13168,1.13174
1943,2019-03-15 13:34:20.410771,1.13169,1.13174
1944,2019-03-15 13:34:20.520783,1.13168,1.13174
1945,2019-03-15 13:34:20.610169,1.13168,1.13175
1946,2019-03-15 13:34:20.615390,1.13168,1.13176
1947,2019-03-15 13:34:20.620161,1.13168,1.13176
1948,2019-03-15 13:34:20.625182,1.13169,1.13176
1949,2019-03-15 13:34:20.630158,1.13169,1.13176
1950,2019-03-15 13:34:20.635367,1.13169,1.13176
1951,2019-03-15 13:34:20.640454,1.13169,1.13175
1952,2019-03-15 13:34:20.645760,1.13169,1.13176
1953,2019-03-15 13:34:20.670783,1.13168,1.13175
1954,2019-03-15 13:34:20.755419,1.13168,1.13175
1955,2019-03-15 13:34:20.845392,1.13168,1.13175
1956,2019-03-15 13:34:21.010799,1.13168,1.13174
1957,2019-03-15 13:34:21.020944,1.13169,1.13174
1958,2019-03-15 13:34:21.070900,1.13168,1.13174
1959,2019-03-15 13:34:21.090747,1.13168,1.13175
1960,2019-03-15 13:34:21.162257,1.13167,1.13174
1961,2019-03-15 13:34:21.167252,1.13169,1.13173
1962,2019-03-15 13:34:21.315778,1.13168,1.13173
1963,2019-03-15 13:34:21.320778,1.13169,1.13173
1964,2019-03-15 13:34:21.360426,1.13168,1.13173
1965,2019-03-15 13:34:21.910414,1.13169,1.13173
1966,2019-03-15 13:34:22.220849,1.13168,1.13172
1967,2019-03-15 13:34:22.230493,1.13168,1.13173
1968,2019-03-15 13:34:22.244115,1.13168,1.13172
1969,2019-03-15 13:34:22.248841,1.13164,1.13172
1970,2019-03-15 13:34:22.285778,1.13164,1.13171
1971,2019-03-15 13:34:22.316124,1.13164,1.13172
1972,2019-03-15 13:34:22.330776,1.13165,1.13172
1973,2019-03-15 13:34:22.340963,1.13166,1.13173
1974,2019-03-15 13:34:22.375434,1.13166,1.13173
1975,2019-03-15 13:34:22.410792,1.13165,1.13173
1976,2019-03-15 13:34:22.806105,1.13164,1.13172
1977,2019-03-15 13:34:23.146272,1.13165,1.13172
1978,2019-03-15 13:34:23.825458,1.13165,1.13172
1979,2019-03-15 13:34:26.882413,1.13164,1.13171
1980,2019-03-15 13:34:26.887460,1.13164,1.13171
1981,2019-03-15 13:34:26.892417,1.13163,1.1317
1982,2019-03-15 13:34:26.897361,1.13163,1.1317
1983,2019-03-15 13:34:26.908549,1.13164,1.1317
1984,2019-03-15 13:34:26.915863,1.13164,1.13171
1985,2019-03-15 13:34:26.926602,1.13164,1.13171
1986,2019-03-15 13:34:26.962639,1.13164,1.13171
1987,2019-03-15 13:34:26.967767,1.13165,1.13172
1988,2019-03-15 13:34:26.972760,1.13165,1.13172
1989,2019-03-15 13:34:26.977784,1.13164,1.13171
1990,2019-03-15 13:34:26.982742,1.13164,1.13171
1991,2019-03-15 13:34:26.987839,1.13169,1.13173
1992,2019-03-15 13:34:26.992742,1.13169,1.13173
1993,2019-03-15 13:34:27.030393,1.13169,1.13173
1994,2019-03-15 13:34:27.045128,1.13168,1.13174
1995,2019-03-15 13:34:27.050109,1.13169,1.13174
1996,2019-03-15 13:34:27.060795,1.13169,1.13173
1997,2019-03-15 13:34:27.080372,1.13169,1.13173
1998,2019-03-15 13:34:27.190772,1.13168,1.13174
1999,2019-03-15 13:34:27.210777,1.13169,1.13173
2000,2019-03-15 13:34:27.730690,1.13168,1.13174
2001,2019-03-15 13:34:27.735522,1.13168,1.13174
2002,2019-03-15 13:34:27.740581,1.13169,1.13175
2003,2019-03-15 13:34:27.751504,1.13168,1.13175
2004,2019-03-15 13:34:27.760746,1.13169,1.13175
2005,2019-03-15 13:34:27.785786,1.13168,1.13175
2006,2019-03-15 13:34:27.795854,1.13169,1.13175
2007,2019-03-15 13:34:27.810786,1.13168,1.13175
2008,2019-03-15 13:34:27.819556,1.13169,1.13175
2009,2019-03-15 13:34:27.824602,1.13169,1.13176
2010,2019-03-15 13:34:27.855528,1.13169,1.13176
2011,2019-03-15 13:34:27.878820,1.13169,1.13177
2012,2019-03-15 13:34:27.885825,1.1317,1.13177
2013,2019-03-15 13:34:27.890853,1.1317,1.13177
2014,2019-03-15 13:34:27.995398,1.13169,1.13176
2015,2019-03-15 13:34:28.005810,1.13169,1.13176
2016,2019-03-15 13:34:28.062750,1.13169,1.13176
2017,2019-03-15 13:34:28.105440,1.13169,1.13176
2018,2019-03-15 13:34:28.728180,1.13169,1.13176
2019,2019-03-15 13:34:28.840902,1.13169,1.13176
2020,2019-03-15 13:34:29.180809,1.13169,1.13176
2021,2019-03-15 13:34:29.193217,1.1317,1.13177
2022,2019-03-15 13:34:29.210902,1.1317,1.13177
2023,2019-03-15 13:34:31.730943,1.13174,1.13178
2024,2019-03-15 13:34:31.740768,1.13173,1.13178
2025,2019-03-15 13:34:31.780901,1.1317,1.13177
2026,2019-03-15 13:34:31.795782,1.1317,1.13177
2027,2019-03-15 13:34:31.915789,1.1317,1.13177
2028,2019-03-15 13:34:31.960778,1.1317,1.13177
2029,2019-03-15 13:34:32.130780,1.1317,1.13177
2030,2019-03-15 13:34:32.254883,1.13169,1.13176
2031,2019-03-15 13:34:32.261678,1.13169,1.13176
2032,2019-03-15 13:34:32.266599,1.13169,1.13176
2033,2019-03-15 13:34:32.276403,1.13169,1.13176
2034,2019-03-15 13:34:32.281608,1.13169,1.13176
2035,2019-03-15 13:34:32.315788,1.13169,1.13177
2036,2019-03-15 13:34:33.217918,1.1317,1.13177
2037,2019-03-15 13:34:33.225774,1.1317,1.13177
2038,2019-03-15 13:34:34.347390,1.1317,1.13177
2039,2019-03-15 13:34:34.355897,1.1317,1.13178
2040,2019-03-15 13:34:34.630781,1.1317,1.13177
2041,2019-03-15 13:34:34.710485,1.13169,1.13177
2042,2019-03-15 13:34:34.895508,1.1317,1.13177
2043,2019-03-15 13:34:35.711104,1.13169,1.13177
2044,2019-03-15 13:34:35.724169,1.1317,1.13177
2045,2019-03-15 13:34:35.729170,1.1317,1.13177
2046,2019-03-15 13:34:35.755766,1.1317,1.13177
2047,2019-03-15 13:34:37.555840,1.1317,1.13177
2048,2019-03-15 13:34:37.600752,1.1317,1.13177
2049,2019-03-15 13:34:38.583831,1.13171,1.13178
2050,2019-03-15 13:34:38.591011,1.13174,1.13178
2051,2019-03-15 13:34:38.600782,1.13174,1.13178
2052,2019-03-15 13:34:38.640915,1.1317,1.13177
2053,2019-03-15 13:34:38.666907,1.13171,1.13178
2054,2019-03-15 13:34:38.671865,1.13172,1.1318
2055,2019-03-15 13:34:38.676865,1.13173,1.1318
2056,2019-03-15 13:34:38.681984,1.13173,1.1318
2057,2019-03-15 13:34:38.686993,1.13173,1.1318
2058,2019-03-15 13:34:38.692909,1.13173,1.1318
2059,2019-03-15 13:34:38.697898,1.13173,1.13179
2060,2019-03-15 13:34:38.710837,1.13173,1.13179
2061,2019-03-15 13:34:38.757545,1.13173,1.13179
2062,2019-03-15 13:34:38.762516,1.13173,1.1318
2063,2019-03-15 13:34:38.767514,1.13173,1.1318
2064,2019-03-15 13:34:38.772523,1.13173,1.13181
2065,2019-03-15 13:34:38.779276,1.13173,1.1318
2066,2019-03-15 13:34:38.784226,1.13173,1.1318
2067,2019-03-15 13:34:38.790771,1.13173,1.13179
2068,2019-03-15 13:34:39.200415,1.13173,1.13179
2069,2019-03-15 13:34:39.290778,1.13173,1.13179
2070,2019-03-15 13:34:39.295819,1.13173,1.13179
2071,2019-03-15 13:34:39.300827,1.13173,1.13179
2072,2019-03-15 13:34:39.342732,1.13173,1.1318
2073,2019-03-15 13:34:39.640377,1.13173,1.1318
2074,2019-03-15 13:34:39.650367,1.13173,1.1318
2075,2019-03-15 13:34:39.720413,1.13173,1.1318
2076,2019-03-15 13:34:39.845398,1.13173,1.1318
2077,2019-03-15 13:34:39.915981,1.13173,1.13181
2078,2019-03-15 13:34:39.920992,1.13174,1.13182
2079,2019-03-15 13:34:39.925941,1.13174,1.13182
2080,2019-03-15 13:34:39.935834,1.13173,1.13181
2081,2019-03-15 13:34:39.945842,1.13173,1.1318
2082,2019-03-15 13:34:39.994150,1.13173,1.13181
2083,2019-03-15 13:34:39.999152,1.13173,1.13182
2084,2019-03-15 13:34:40.004222,1.13174,1.13183
2085,2019-03-15 13:34:40.009135,1.13174,1.13182
2086,2019-03-15 13:34:40.014152,1.13173,1.13181
2087,2019-03-15 13:34:40.019104,1.13173,1.13182
2088,2019-03-15 13:34:40.025749,1.13173,1.13181
2089,2019-03-15 13:34:40.060455,1.13173,1.13182
2090,2019-03-15 13:34:40.070423,1.13173,1.13181
2091,2019-03-15 13:34:40.080423,1.13173,1.13181
2092,2019-03-15 13:34:40.085801,1.13173,1.1318
2093,2019-03-15 13:34:40.094774,1.13173,1.13181
2094,2019-03-15 13:34:40.100803,1.13173,1.1318
2095,2019-03-15 13:34:40.140381,1.13173,1.13181
2096,2019-03-15 13:34:40.150388,1.13173,1.13181
2097,2019-03-15 13:34:40.170370,1.13173,1.13181
2098,2019-03-15 13:34:40.175398,1.13173,1.13181
2099,2019-03-15 13:34:40.190362,1.13173,1.1318
2100,2019-03-15 13:34:40.625982,1.13173,1.1318
2101,2019-03-15 13:34:41.160953,1.13174,1.13179
2102,2019-03-15 13:34:41.215410,1.13173,1.13179
2103,2019-03-15 13:34:41.620397,1.13173,1.1318
2104,2019-03-15 13:34:41.625790,1.13173,1.1318
2105,2019-03-15 13:34:41.670759,1.13173,1.1318
2106,2019-03-15 13:34:42.420751,1.13173,1.13181
2107,2019-03-15 13:34:42.429144,1.13173,1.13182
2108,2019-03-15 13:34:42.434150,1.13173,1.13181
2109,2019-03-15 13:34:42.440431,1.13173,1.13181
2110,2019-03-15 13:34:42.503842,1.13173,1.13181
2111,2019-03-15 13:34:42.565788,1.13173,1.1318
2112,2019-03-15 13:34:43.075796,1.13174,1.13179
